@article{Salton63,
  author       = {{S}alton, {G}.},
  publisher    = {ACM},
  date         = {1963},
  file         = {:Associative Document Retrieval Techniques Using Bibliographic Information.pdf:PDF},
  journaltitle = {{J}ournal of the {ACM} ({JACM})},
  keywords     = {preprint},
  number       = {4},
  owner        = {admin},
  pages        = {440--457},
  preprint     = {https://ag-gipp.github.io/bib/preprints/salton63.pdf},
  title        = {{A}ssociative document retrieval techniques using bibliographic information},
  volume       = {10},
}

@article{Gipp97,
  author       = {{G}ipp, {B}ela and {S}tiller, {J}an-{O}laf},
  date         = {1997},
  journaltitle = {{R}esearch project in the national competition of the {F}oundation '{J}ugend forscht', ({G}ermany's premier youth science competition), {H}amburg, {G}ermany},
  keywords     = {preprint},
  preprint     = {https://ag-gipp.github.io/bib/preprints/gipp97.pdf},
  title        = {{G}lasfaserbasierte analoge {B}ilduebertragung ("{F}iber optic-based analog image transfer")},
}

@article{Gipp98,
  author       = {{G}ipp, {B}ela and {S}tiller, {J}an-{O}laf},
  date         = {1998},
  journaltitle = {{R}esearch project in the state-wide competition of the {F}oundation '{J}ugend forscht', ({G}ermany's premier youth science competition) {H}amburg, {G}ermany},
  keywords     = {preprint},
  preprint     = {https://ag-gipp.github.io/bib/preprints/gipp98.pdf},
  title        = {{V}erlaengerung der {S}tandby-{Z}eit von {M}obiltelefonen mittels intelligenter {I}ntegration eines {Z}usatzempfaengers im 433 {MHz}-{B}ereich ("{E}xtending cell phone standby time by intelligent integration of an additional receiver in the 433 {MHz}-field")},
}

@article{Gipp99,
  abstract     = {"Wo Menschen von Lawinen verschuettet werden, zaehlt bei der Rettung und Bergung jede Minute. Was in der Vergangenheit die traditionellen Lawinenhunde geleistet haben, muss in Zeiten des Massen-Tourismus mit technischem Know-how geloest werden. Die Idee von Bela Gipp, Jan-Olaf Stiller und Florian Krueger: Ein System, bei dem eine Infrarotkamera von einem Modellhubschrauber aus Bilder an ein Leitsystem weitergibt, auf dem sich die Temperaturunterschiede zwischen warmen Koerpern und Schnee erkennen lassen. Zur Orientierung des Hubschraubers dient eine zusaetzliche Echtfarbkamera, ein Ultraschallgeraet fuer schlechte Sicht und ein Global Positioning System (GPS). Alles kann mit einem Programm, das die jungen Erfinder geschrieben haben, ueber das Internet gesteuert und ausgewertet werden." 1999, Bundesjury 'Jugend forscht' zu dem Projekt "Der High-tech Bernhardiner"},
  author       = {{G}ipp, {B}ela and {S}tiller, {J}an-{O}laf},
  date         = {1999},
  journaltitle = {{R}esearch project in the state-wide competition of the {F}oundation '{J}ugend forscht', ({G}ermany's premier youth science competition); http://www.gsm-schutzengel.de/hightec-index.shtml, {H}amburg, {G}ermany},
  keywords     = {preprint},
  preprint     = {https://ag-gipp.github.io/bib/preprints/gipp99.pdf},
  title        = {{D}er {H}igh-{T}ech {B}ernhardiner - {E}in {R}ettungssystem fuer {L}awinenopfer ("{T}he {H}igh-tech {S}t. {B}ernhard - an avalanche rescue system")},
}

@article{Gipp01,
  abstract     = {Jedes Jahr sterben auf deutschen Strassen 7.000 Menschen durch Verkehrsunfaelle. Davon koennten ueber 700 vor dem Tod bewahrt werden, wenn die Rettungsdienste unverzueglich nach dem Unfall informiert wuerden. Leider kommt es immer wieder vor, dass Verunfallte erst nach Minuten oder gar Stunden gefunden werden und so wertvolle Zeit bis zur Benachrichtigung der Rettungskraefte verstreicht. Warum nicht das flaechendeckend verfuegbare Mobilfunknetz nutzen, um automatisch Hilfe herbeizuholen? Urspruenglich im Rahmen von Jugend-forscht entwickelten wir in den vergangenen zwei Jahren ein flexibles und kostenguenstiges Notrufsystem - den "GSM Schutzengel". Dieser sieht aus wie ein gewoehnlicher Mobiltelefonakku, enthaelt aber zusaetzlich einen Beschleunigungssensor und einen Mikrokontroller zum Auswerten der Messdaten. Mit dieser Technik ist es moeglich, jedes handelsuebliche Mobiltelefon zu einem mobilen Schutzengel aufzuruesten, der Unfaelle sicher erkennt. Fehlalarme, beispielsweise durch Vollbremsungen waehrend der Autofahrt oder Hinunterfallen des Mobiltelefons, sind dabei ausgeschlossen. Bei einem Unfall ruft der GSM Schutzengel sofort die Rettungskraefte herbei. Dadurch kann selbst bewusstlosen Fahrern schnellstmoeglich geholfen werden. Die Position des Unfalls wird dabei ueber das Mobilfunknetz bestimmt - bis auf 150 m genau. Somit kann zielgenaue Hilfe gewaehrleistet werden, denn wer kann schon direkt nach einem Unfall beschreiben, wo genau er ist?},
  author       = {{G}ipp, {B}ela and {B}eel, {J}oeran and {P}etersen, {L}ars},
  date         = {2001},
  journaltitle = {{R}esearch project in the national competition of the {F}oundation '{J}ugend forscht', ({G}ermany's premier youth science competition); http://www.gsm-schutzengel.de, {H}amburg, {G}ermany},
  keywords     = {preprint},
  preprint     = {https://ag-gipp.github.io/bib/preprints/gipp01.pdf},
  title        = {{D}er {GSM}-{S}chutzengel ("{T}he {GSM} guardian angel")},
}

@inproceedings{Alcala03,
  author    = {{A}lcala, {F}elix and {B}eel, {J}oeran and {F}renkel, {A}rne and {G}ipp, {B}ela and {L}uelf, {J}ohannes and {H}oepfner, {H}agen},
  editor    = {Tuerker, Can},
  location  = {Zurich},
  publisher = {ETH Zuerich},
  booktitle = {{M}obilitaet und {I}nformationssysteme - {W}orkshop des {GI}-{A}rbeitskreises "{M}obile {D}atenbanken und {I}nformationssysteme"},
  date      = {2003-10},
  keywords  = {preprint},
  preprint  = {https://ag-gipp.github.io/bib/preprints/alcala03.pdf},
  title     = {{O}rtung von mobilen {G}eraeten fuer die {R}ealisierung lokationsbasierter {D}ienste},
}

@inproceedings{Alcala04,
  author    = {{A}lcala, {F}elix and {B}eel, {J}oeran and {F}renkel, {A}rne and {G}ipp, {B}ela and {L}uelf, {J}ohannes and {H}oepfner, {H}agen},
  editor    = {Kyamakya, K.},
  publisher = {University of Hannover},
  booktitle = {{P}roceedings of 1st {W}orkshop on {P}ositioning, {N}avigation and {C}ommunication 2004 ({WPNC} 04)},
  date      = {2004},
  doi       = {10.1.1.143.3208},
  keywords  = {preprint},
  preprint  = {https://ag-gipp.github.io/bib/preprints/alcala04.pdf},
  title     = {{U}bi{L}oc: {A} {S}ystem for {L}ocating {M}obile {D}evices using {M}obile {D}evices},
}

@book{Beel05,
  author    = {{B}eel, {J}oeran and {G}ipp, {B}ela},
  location  = {Aachen, Germany},
  publisher = {Shaker Verlag},
  url       = {http://www.epass-buch.de},
  date      = {2005-10},
  keywords  = {preprint},
  note      = {ISBN 9783-8322-4693-8. Also available at \url{http://www.epass-buch.de}},
  preprint  = {https://ag-gipp.github.io/bib/preprints/beel05.pdf},
  title     = {e{P}ass - der neue biometrische {R}eisepass},
}

@article{Gipp2006,
  author       = {{G}ipp, {B}ela},
  url          = {https://www.vlba-lab.de; https://www.ovgu.de/},
  date         = {2006-02},
  howpublished = {Doctoral Proposal, VLBA-Lab, Otto-von-Guericke University, Germany, Supervisor: Prof. Claus Rautenstrauch},
  journaltitle = {{D}octoral {P}roposal, {VLBA}-{L}ab, {O}tto-von-{G}uericke {U}niversity, {G}ermany. {S}upervisor: {P}rof. {C}laus {R}autenstrauch. url = http://www.vlba-lab.de; http://www.ovgu.de/},
  keywords     = {preprint},
  preprint     = {https://ag-gipp.github.io/bib/preprints/gipp2006.pdf},
  title        = {({C}o-){C}itation {P}roximity {A}nalysis - {A} {M}easure to {I}dentify {R}elated {W}ork},
}

@book{Gipp07,
  author    = {{G}ipp, {B}ela and {B}eel, {J}oeran and {R}oessling, {I}vo},
  location  = {Scotts Valley, USA},
  publisher = {Createspace},
  url       = {http://epassport-book.com},
  date      = {2007-10},
  keywords  = {preprint},
  note      = {ISBN 978-1434823182. Also available at \url{http://epassport-book.com}},
  preprint  = {https://ag-gipp.github.io/bib/preprints/gipp07.pdf},
  title     = {e{P}assport: {T}he {W}orld's {N}ew {E}lectronic {P}assport},
}

@inproceedings{Beel08a,
  author    = {{B}eel, {J}oeran and {G}ipp, {B}ela},
  location  = {Vienna, Austria},
  booktitle = {{P}roceedings of the 5th {I}nternational {C}onference on {D}igital {L}ibraries ({ICDL}'08)},
  date      = {2008-08},
  doi       = {10.1007/978-3-540-89533-6_48},
  keywords  = {preprint},
  note      = {ISSN 1307-6884},
  preprint  = {https://ag-gipp.github.io/bib/preprints/beel08a.pdf},
  title     = {{C}ollaborative {D}ocument {E}valuation: {A}n {A}lternative {A}pproach to {C}lassic {P}eer {R}eview},
  volume    = {31},
}

@inproceedings{Beel08,
  author    = {{B}eel, {J}oeran and {G}ipp, {B}ela},
  editor    = {Buchanan, George and Masoodian, Masood and Cunningham, Sally Jo},
  location  = {Heidelberg (Germany)},
  publisher = {Springer},
  booktitle = {{P}roceedings of the 11th {I}nternational {C}onference on {A}sia-{P}acific {D}igital {L}ibraries ({ICADL}'08)},
  date      = {2008-12},
  doi       = {10.1007/978-3-540-89533-6},
  isbn      = {978-3-540-89532-9},
  keywords  = {preprint},
  preprint  = {https://ag-gipp.github.io/bib/preprints/beel08.pdf},
  series    = {Lecture Notes in Computer Science (LNCS)},
  title     = {{T}he {P}otential of {C}ollaborative {D}ocument {E}valuation for {S}cience},
  volume    = {5362},
}

@inproceedings{Beel09,
  author    = {{B}eel, {J}oeran and {G}ipp, {B}ela},
  editor    = {Larsen, Birger and Leta, Jacqueline},
  location  = {Rio de Janeiro, Brazil},
  publisher = {International Society for Scientometrics and Informetrics},
  booktitle = {{P}roceedings of the 12th {I}nternational {C}onference on {S}cientometrics and {I}nformetrics ({ISSI}'09)},
  date      = {2009-07},
  doi       = {10.1109/ITNG.2009.317},
  keywords  = {preprint},
  note      = {ISSN 2175-1935},
  preprint  = {https://ag-gipp.github.io/bib/preprints/beel09.pdf},
  title     = {{G}oogle {S}cholar's {R}anking {A}lgorithm: {A}n {I}ntroductory {O}verview},
  volume    = {1},
}

@inproceedings{Beel09a,
  author    = {{B}eel, {J}oeran and {G}ipp, {B}ela},
  editor    = {Flory, Andra and Collard, Martine},
  location  = {Fez, Morocco},
  publisher = {IEEE},
  booktitle = {{P}roceedings of the 3rd {IEEE} {I}nternational {C}onference on {R}esearch {C}hallenges in {I}nformation {S}cience ({RCIS}'09)},
  date      = {2009-04},
  doi       = {10.1109/RCIS.2009.5089308},
  keywords  = {preprint},
  note      = {ISBN 978-1-4244-2865-6},
  preprint  = {https://ag-gipp.github.io/bib/preprints/beel09a.pdf},
  title     = {{G}oogle {S}cholar's {R}anking {A}lgorithm: {T}he {I}mpact of {C}itation {C}ounts ({A}n {E}mpirical {S}tudy)},
}

@article{Beel09c,
  author       = {{B}eel, {J}oeran and {G}ipp, {B}ela and {M}ueller, {C}hristoph},
  url          = {https://www.dlib.org/dlib/november09/11inbrief.html},
  date         = {2009-11},
  doi          = {10.1045/november2009-inbrief},
  journaltitle = {{D}-{L}ib {M}agazine},
  keywords     = {preprint},
  note         = {Brief Online Article},
  number       = {11},
  preprint     = {https://ag-gipp.github.io/bib/preprints/beel09c.pdf},
  title        = {'{S}ci{P}lore {M}ind{M}apping' - {A} {T}ool for {C}reating {M}ind {M}aps {C}ombined with {PDF} and {R}eference {M}anagement},
  volume       = {15},
}

@inproceedings{Beel09e,
  author       = {{B}eel, {J}oeran and {G}ipp, {B}ela and {S}tiller, {J}an-{O}laf},
  editor       = {Ao, S. I. and Douglas, C. and Grundfest, W. S. and Burgstone, J.},
  location     = {Berkeley, USA},
  organization = {International Association of Engineers (IAENG)},
  publisher    = {Newswood Limited},
  booktitle    = {{P}roceedings of the {I}nternational {C}onference on {M}achine {L}earning and {D}ata {A}nalysis ({ICMLDA}'09)},
  date         = {2009-10},
  keywords     = {preprint},
  note         = {ISBN 978-988-18210-2-7.},
  preprint     = {https://ag-gipp.github.io/bib/preprints/beel09e.pdf},
  series       = {Lecture Notes in Engineering and Computer Science},
  title        = {{C}ould {M}ind {M}aps {B}e {U}sed {T}o {I}mprove {A}cademic {S}earch {E}ngines?},
  volume       = {2},
}

@inproceedings{Beel09f,
  author    = {{B}eel, {J}oeran and {G}ipp, {B}ela and {S}tiller, {J}an-{O}laf},
  location  = {Washington, USA},
  publisher = {IEEE},
  booktitle = {{P}roceedings of the 5th {I}nternational {C}onference on {C}ollaborative {C}omputing: {N}etworking, {A}pplications and {W}orksharing ({C}ollaborate{C}om'09)},
  date      = {2009-11},
  doi       = {10.4108/ICST.COLLABORATECOM2009.8298},
  keywords  = {preprint},
  note      = {ISBN 978-963-9799-76-9},
  preprint  = {https://ag-gipp.github.io/bib/preprints/beel09f.pdf},
  title     = {{I}nformation {R}etrieval on {M}ind {M}aps - {W}hat {C}ould it be {G}ood {F}or?},
}

@inbook{Gipp09b,
  author    = {{G}ipp, {B}ela},
  editor    = {Arndt, H.-K. and Krcmar, H.},
  location  = {Magdeburg},
  publisher = {Shaker Verlag},
  chapter   = {Entwicklung neuer Verfahren zur Bestimmung von Dokumentenaehnlichkeiten mittels Referenz- und Zitationsanalyse},
  date      = {2009-10},
  keywords  = {preprint},
  pages     = {163--173},
  preprint  = {https://ag-gipp.github.io/bib/preprints/gipp09b.pdf},
  series    = {3. Workshop des Centers for Very Large Business Applications (CVLBA)},
  title     = {{V}ery {L}arge {B}usiness {A}pplications ({VLBA}): {S}ystemlandschaften der {Z}ukunft},
}

@inproceedings{Gipp09a,
  author    = {{G}ipp, {B}ela and {B}eel, {J}oeran},
  editor    = {Larsen, Birger and Leta, Jacqueline},
  location  = {Rio de Janeiro, Brazil},
  publisher = {International Society for Scientometrics and Informetrics},
  booktitle = {{P}roceedings of the 12th {I}nternational {C}onference on {S}cientometrics and {I}nformetrics ({ISSI}'09)},
  date      = {2009-07},
  keywords  = {preprint},
  note      = {ISSN 2175-1935},
  preprint  = {https://ag-gipp.github.io/bib/preprints/gipp09a.pdf},
  title     = {{C}itation {P}roximity {A}nalysis ({CPA}) - {A} {N}ew {A}pproach for {I}dentifying {R}elated {W}ork {B}ased on {C}o-{C}itation {A}nalysis},
  volume    = {2},
}

@inproceedings{Gipp09c,
  author       = {{G}ipp, {B}ela and {B}eel, {J}oeran},
  editor       = {Ao, S. I. and Douglas, C. and Grundfest, W. S. and Burgstone, J.},
  location     = {Berkeley, USA},
  organization = {International Association of Engineers (IAENG)},
  publisher    = {Newswood Limited},
  booktitle    = {{P}roceedings of {T}he {W}orld {C}ongress on {E}ngineering and {C}omputer {S}cience 2009},
  date         = {2009-10},
  doi          = {10.1007/s11257-016-9174-x},
  isbn         = {978-988-17012-6-8},
  keywords     = {preprint},
  preprint     = {https://ag-gipp.github.io/bib/preprints/gipp09c.pdf},
  series       = {Lecture Notes in Engineering and Computer Science},
  title        = {{I}dentifying {R}elated {D}ocuments {F}or {R}esearch {P}aper {R}ecommender {B}y {CPA} {A}nd {COA}},
  volume       = {1},
}

@inproceedings{Gipp09,
  author       = {{G}ipp, {B}ela and {B}eel, {J}oeran and {H}entschel, {C}hristian},
  location     = {Virudhunagar, India},
  organization = {Kamaraj College of Engineering and Technology India},
  publisher    = {IEEE},
  booktitle    = {{P}roceedings of the {I}nternational {C}onference on {E}merging {T}rends in {C}omputing ({ICET}i{C}'09)},
  date         = {2009-01},
  keywords     = {preprint},
  preprint     = {https://ag-gipp.github.io/bib/preprints/gipp09.pdf},
  title        = {{S}cienstein: {A} {R}esearch {P}aper {R}ecommender {S}ystem},
}

@article{Beel2010,
  author       = {{B}eel, {J}oeran and {G}ipp, {B}ela},
  date         = {2010-12},
  doi          = {10.3998/3336451.0013.305},
  journaltitle = {{J}ournal of {E}lectronic {P}ublishing},
  keywords     = {preprint},
  number       = {3},
  preprint     = {https://ag-gipp.github.io/bib/preprints/beel2010.pdf},
  title        = {{A}cademic {S}earch {E}ngine {S}pam and {G}oogle {S}cholar's {R}esilience {A}gainst it},
  volume       = {13},
}

@inproceedings{Beel10d,
  author    = {{B}eel, {J}oeran and {G}ipp, {B}ela},
  location  = {Toronto, Canada},
  publisher = {ACM},
  booktitle = {{P}roceedings of the 21st {ACM} {C}onference on {H}ypertext and {H}ypermedia ({HT}'10)},
  date      = {2010-06},
  doi       = {10.1145/1810617.1810686},
  keywords  = {preprint},
  preprint  = {https://ag-gipp.github.io/bib/preprints/beel10d.pdf},
  title     = {{E}nhancing {I}nformation {S}earch by {U}tilizing {M}ind {M}aps},
}

@inproceedings{Beel10a,
  author    = {{B}eel, {J}oeran and {G}ipp, {B}ela},
  location  = {Seoul, Korea},
  booktitle = {{P}roceedings of the 4th {ACM} {I}nternational {C}onference on {U}biquitous {I}nformation {M}anagement and {C}ommunication ({ICUIMC}'10)},
  date      = {2010-01},
  doi       = {10.1145/2108616.2108662},
  keywords  = {preprint},
  preprint  = {https://ag-gipp.github.io/bib/preprints/beel10a.pdf},
  title     = {{L}ink {A}nalysis in {M}ind {M}aps: {A} {N}ew {A}pproach {T}o {D}etermine {D}ocument {R}elatedness},
}

@inproceedings{Beel10c,
  author    = {{B}eel, {J}oeran and {G}ipp, {B}ela},
  location  = {Toronto, Canada},
  publisher = {ACM},
  booktitle = {{P}roceedings of the 21st {ACM} {C}onference on {H}ypertext and {H}ypermedia ({HT}'10)},
  date      = {2010-06},
  doi       = {10.1145/1810617.1810683},
  keywords  = {preprint},
  preprint  = {https://ag-gipp.github.io/bib/preprints/beel10c.pdf},
  title     = {{O}n the {R}obustness of {G}oogle {S}cholar {A}gainst {S}pam},
}

@inproceedings{Beel10e,
  author    = {{B}eel, {J}oeran and {G}ipp, {B}ela and {S}haker, {A}mmar and {F}riedrich, {N}ick},
  editor    = {Lalmas, M. and Jose, J. and Rauber, A. and Sebastiani, F. and Frommholz, I.},
  location  = {Glasgow, UK},
  publisher = {Springer},
  booktitle = {{R}esearch and {A}dvanced {T}echnology for {D}igital {L}ibraries: {P}roceedings of the 14th {E}uropean {C}onference on {D}igital {L}ibraries ({ECDL}'10)},
  date      = {2010-09},
  doi       = {10.1007/978-3-642-15464-5_45},
  keywords  = {preprint},
  preprint  = {https://ag-gipp.github.io/bib/preprints/beel10e.pdf},
  series    = {Lecture Notes of Computer Science (LNCS)},
  title     = {{S}ci{P}lore {X}tract: {E}xtracting {T}itles from {S}cientific {PDF} {D}ocuments by {A}nalyzing {S}tyle {I}nformation ({F}ont {S}ize)},
  volume    = {6273},
}

@article{Beel10,
  author       = {{B}eel, {J}oeran and {G}ipp, {B}ela and {W}ilde, {E}rik},
  date         = {2010-01},
  doi          = {10.3138/jsp.41.2.176},
  journaltitle = {{J}ournal of {S}cholarly {P}ublishing},
  keywords     = {preprint},
  note         = {University of Toronto Press},
  number       = {2},
  pages        = {176--190},
  preprint     = {https://ag-gipp.github.io/bib/preprints/beel10.pdf},
  title        = {{A}cademic {S}earch {E}ngine {O}ptimization ({ASEO}): {O}ptimizing {S}cholarly {L}iterature for {G}oogle {S}cholar and {C}o},
  volume       = {41},
}

@article{Gipp10,
  author       = {{G}ipp, {B}ela},
  date         = {2010-01},
  howpublished = {Invited Talk, Seminar on Information Access at the School of Information, University of California, Berkeley},
  journaltitle = {{I}nvited {T}alk: {S}eminar on {I}nformation {A}ccess at the {S}chool of {I}nformation, {U}niversity of {C}alifornia, {B}erkeley; {I}nvitation by {M}ichael {B}uckland.},
  keywords     = {preprint},
  note         = {Invitation by Michael Buckland.},
  preprint     = {https://ag-gipp.github.io/bib/preprints/gipp10.pdf},
  title        = {{C}itation {P}roximity {A}nalysis},
}

@inproceedings{Gipp10d,
  author    = {{G}ipp, {B}ela},
  editor    = {Lalmas, M. and Jose, J. and Rauber, A. and Sebastiani, F. and Frommholz, I.},
  publisher = {Springer},
  booktitle = {{R}esearch and {A}dvanced {T}echnology for {D}igital {L}ibraries: {P}roceedings of the 14th {E}uropean {C}onference on {D}igital {L}ibraries ({ECDL}'10)},
  date      = {2010-09},
  keywords  = {preprint},
  preprint  = {https://ag-gipp.github.io/bib/preprints/gipp10d.pdf},
  series    = {Lecture Notes of Computer Science (LNCS)},
  title     = {{M}easuring {D}ocument {R}elatedness by {C}itation {P}roximity {A}nalysis and {C}itation {O}rder {A}nalysis},
  volume    = {6273},
}

@patent{Gipp2010,
  author   = {{G}ipp, {B}ela and {B}eel, {J}oeran},
  url      = {https://patentscope.wipo.int/search/en/WO2010078857},
  date     = {2010-10-15},
  keywords = {preprint},
  number   = {WO/2010/078857},
  preprint = {https://ag-gipp.github.io/bib/preprints/gipp2010.pdf},
  title    = {({WO}2010078857) {D}etection of a {S}imilarity of {D}ocuments by {C}itation {P}roximity {A}nalysis},
}

@inproceedings{Gipp10c,
  author    = {{G}ipp, {B}ela and {B}eel, {J}oeran},
  location  = {Toronto, Ontario, Canada},
  publisher = {ACM},
  booktitle = {{P}roceedings of the 21st {ACM} {C}onference on {H}ypertext and {H}ypermedia ({HT}'10)},
  date      = {2010-06},
  doi       = {10.1145/1810617.1810671},
  isbn      = {978-1-4503-0041-4},
  keywords  = {preprint},
  preprint  = {https://ag-gipp.github.io/bib/preprints/gipp10c.pdf},
  title     = {{C}itation {B}ased {P}lagiarism {D}etection - {A} {N}ew {A}pproach to {I}dentify {P}lagiarized {W}ork {L}anguage {I}ndependently},
}

@article{Gipp10a,
  author       = {{G}ipp, {B}ela and {B}eel, {J}oeran},
  date         = {2010-01},
  howpublished = {Invited Talk at Google Inc., Mountain View, CA, USA},
  journaltitle = {{I}nvited {T}alk at {G}oogle {I}nc., {M}ountain {V}iew, {C}a, {USA}},
  keywords     = {preprint},
  preprint     = {https://ag-gipp.github.io/bib/preprints/gipp10a.pdf},
  title        = {{I}ntegrating {C}itation {P}roximity {A}nalysis into {G}oogle {B}ooks and {G}oogle {S}cholar},
}

@inproceedings{Gipp10b,
  author    = {{G}ipp, {B}ela and {T}aylor, {A}driana and {B}eel, {J}oeran},
  editor    = {Lalmas, M. and Jose, J. and Rauber, A. and Sebastiani, F. and Frommholz, I.},
  publisher = {Springer},
  booktitle = {{R}esearch and {A}dvanced {T}echnology for {D}igital {L}ibraries: {P}roceedings of the 14th {E}uropean {C}onference on {D}igital {L}ibraries ({ECDL}'10)},
  date      = {2010-09},
  keywords  = {preprint},
  preprint  = {https://ag-gipp.github.io/bib/preprints/gipp10b.pdf},
  series    = {Lecture Notes of Computer Science (LNCS)},
  title     = {{L}ink {P}roximity {A}nalysis - {C}lustering {W}ebsites by {E}xamining {L}ink {P}roximity},
  volume    = {6273},
}

@inproceedings{Beel2011c,
  author    = {{B}eel, {J}oeran and {G}ipp, {B}ela and {L}anger, {S}tefan and {G}enzmehr, {M}arcel},
  publisher = {ACM},
  booktitle = {{P}roceedings of the 11th {ACM}/{IEEE} {J}oint {C}onference on {D}igital {L}ibraries ({JCDL}`11)},
  date      = {2011},
  doi       = {10.1145/1998076.1998188},
  keywords  = {preprint},
  preprint  = {https://ag-gipp.github.io/bib/preprints/beel2011c.pdf},
  title     = {{D}ocear: {A}n {A}cademic {L}iterature {S}uite for {S}earching, {O}rganizing and {C}reating {A}cademic {L}iterature},
}

@inproceedings{Beel2011b,
  author    = {{B}eel, {J}oeran and {G}ipp, {B}ela and {L}anger, {S}tefan and {G}enzmehr, {M}arcel and {W}ilde, {E}rik and {N}uernberger, {A}ndreas and {P}itman, {J}im},
  location  = {Ottawa, Canada},
  booktitle = {{P}roceedings of the 11th {ACM}/{IEEE} {J}oint {C}onference on {D}igital {L}ibraries ({JCDL}`11)},
  date      = {2011-06},
  doi       = {10.1145/1998076.1998187},
  keywords  = {preprint},
  preprint  = {https://ag-gipp.github.io/bib/preprints/beel2011b.pdf},
  title     = {{I}ntroducing {M}r. {DL}ib, a {M}achine-readable {D}igital {L}ibrary},
}

@article{Gipp11a,
  author       = {{G}ipp, {B}ela},
  date         = {2011},
  journaltitle = {{IEEE}-{TCDL} {B}ulletin},
  keywords     = {preprint},
  preprint     = {https://ag-gipp.github.io/bib/preprints/gipp11a.pdf},
  title        = {{I}dentifying {R}elated {W}ork and {P}lagiarism by {C}itation {A}nalysis},
  volume       = {7},
}

@patent{GIPP11pat,
  abstract     = {The invention relates to a method and a system for detecting a similarity of documents. The similarity of documents is detected with the help of an analysis of citations in one or more citation document(s), wherein the distance between the individual citations is used as criterion of the analysis. On the basis of the determined distance between two citations, respectively, a similarity value is determined, which is characteristic of the cited documents. A small distance between two citations leads to a high similarity of the cited documents. In case of several citations with regard to documents from several citation documents, the similarity values for the citation pairs from the individual citation documents are used for determining a final similarity value.},
  author       = {{G}ipp, {B}ela and {B}eel, {J}oeran},
  url          = {https://www.patentlens.net/patentlens/patent/US_2011_0264672_A1/en/},
  date         = {2011-10-27},
  howpublished = {Patent Application},
  keywords     = {preprint},
  note         = {US 2011/0264672 A1},
  preprint     = {https://ag-gipp.github.io/bib/preprints/gipp11pat.pdf},
  title        = {{M}ethod and {S}ystem for {D}etecting a {S}imilarity of {D}ocuments},
  version      = {A1},
}

% @inproceedings{Gipp11c,
%   author    = {{G}ipp, {B}ela and {M}euschke, {N}orman},
%   location  = {Mountain, View, CA, USA},
%   publisher = {ACM},
%   booktitle = {{P}roceedings of the 11th {ACM} symposium on {D}ocument engineering ({D}oc{E}ng '11)},
%   date      = {2011-09},
%   doi       = {10.1145/2034691.2034741},
%   isbn      = {978-1-4503-0863-2},
%   keywords  = {preprint},
%   preprint  = {https://ag-gipp.github.io/bib/preprints/gipp11c.pdf},
%   title     = {{C}itation {P}attern {M}atching {A}lgorithms for {C}itation-based {P}lagiarism {D}etection: {G}reedy {C}itation {T}iling, {C}itation {C}hunking and {L}ongest {C}ommon {C}itation {S}equence},
% }

@inproceedings{Gipp11c,
  author    = {{G}ipp, {B}ela and {M}euschke, {N}orman},
  booktitle = {{P}roc. {ACM} {S}ymposium on {D}ocument {E}ngineering (DocEng)},
  title     = {{C}itation {P}attern {M}atching {A}lgorithms for {C}itation-based {P}lagiarism {D}etection: {G}reedy {C}itation {T}iling, {C}itation {C}hunking and {L}ongest {C}ommon {C}itation {S}equence},
  doi       = {10.1145/2034691.2034741}
}

% @inproceedings{Gipp11,
%   author    = {{G}ipp, {B}ela and {M}euschke, {N}orman and {B}eel, {J}oeran},
%   location  = {Ottawa, Canada},
%   publisher = {ACM},
%   booktitle = {{P}roceedings of 11th annual international {ACM}/{IEEE}-{CS} {J}oint {C}onference on {D}igital {L}ibraries ({JCDL}'11)},
%   date      = {2011},
%   doi       = {10.1145/1998076.1998124},
%   keywords  = {preprint},
%   preprint  = {https://ag-gipp.github.io/bib/preprints/gipp11.pdf},
%   title     = {{C}omparative {E}valuation of {T}ext- and {C}itation-based {P}lagiarism {D}etection {A}pproaches using {G}utten{P}lag},
% }

%N: shortened entry
@inproceedings{Gipp11,
  author    = {{G}ipp, {B}ela and {M}euschke, {N}orman and {B}eel, {J}oeran},
  booktitle = {{P}roc. {ACM}/{IEEE}-{CS} {J}oint {C}onf. on {D}igital {L}ibraries ({JCDL})},
  year      = {2011},
  doi       = {10.1145/1998076.1998124},
  title     = {{C}omparative {E}valuation of {T}ext- and {C}itation-based {P}lagiarism {D}etection {A}pproaches using {G}utten{P}lag},
}

@patent{Gipp2011a,
  author   = {{G}ipp, {B}ela and {S}tiller, {J}an-{O}laf and {B}eel, {J}oeran},
  url      = {https://www.wipo.int/patentscope/search/en/WO2011044865},
  date     = {2011-04-21},
  keywords = {preprint},
  number   = {WO/2011/044865},
  preprint = {https://ag-gipp.github.io/bib/preprints/gipp2011a.pdf},
  title    = {({WO}2011044865) {M}ethod for {D}etermining a {S}imilarity of {O}bjects},
}

@thesis{Schubotz2011a,
  author      = {Schubotz, Moritz},
  institution = {Institut f\"{u}r theoretische Phyisk an der Fakult\"{a}t f\"{u}r Mathematik und Naturwissenschaften an der Technische Universit\"{a}t Berlin},
  language    = {English},
  location    = {Berlin},
  url         = {https://ag-gipp.github.io/bib/preprints/schubotz2011a.pdf},
  date        = {2011},
  keywords    = {schubotzCV,preprint},
  pages       = {189},
  pubstate    = {unpublished},
  subtitle    = {A quantum master equation approach},
  title       = {Full Counting Statistics},
  type        = {Diplomarbeit},
}

@article{Schubotz2011,
  author       = {Schubotz, Moritz and Brandes, Tobias},
  date         = {2011-08},
  doi          = {10.1103/PhysRevB.84.075340},
  file         = {:Schubotz11.4422v1.pdf:PDF},
  issn         = {1098-0121},
  journaltitle = {Physical Review B},
  keywords     = {schubotzCV,arxiv,journal,peerreview,preprint},
  number       = {7},
  owner        = {Moritz},
  pages        = {1--8},
  preprint     = {https://arxiv.org/pdf/1105.4422.pdf},
  title        = {Random backaction in tunneling of single electrons through nanostructures},
  volume       = {84},
}

@inproceedings{Meuschke12,
  author    = {{M}euschke, {N}orman and {G}ipp, {B}ela and {B}reitinger, {C}orinna},
  location  = {Newcastle upon Tyne, UK},
  url       = {https://www.plagiarismadvice.org/research-papers/item/a-citation-based-plagiarism-detection-system-prototype},
  booktitle = {{P}roceedings of the 5th {I}nternational {P}lagiarism {C}onference},
  date      = {2012-07},
  keywords  = {preprint},
  preprint  = {https://ag-gipp.github.io/bib/preprints/meuschke12.pdf},
  title     = {{C}ite{P}lag: {A} {C}itation-based {P}lagiarism {D}etection {S}ystem {P}rototype},
}

@article{Schubotz2012,
  abstract     = {Wikipedia, the world largest encyclopedia contains a lot of knowledge that is expressed as formulae exclusively. Unfortunately, this knowledge is currently not fully accessible by intelligent information retrieval systems. This immense body of knowledge is hidden form value-added services, such as search. In this paper, we present our MathSearch implementation for Wikipedia that enables users to perform a combined text and fully unlock the potential benefits.},
  author       = {Schubotz, Moritz},
  date         = {2012-07-30},
  doi          = {10.14279/depositonce-5034},
  eprint       = {1304.5475},
  eprinttype   = {arXiv},
  file         = {:disCicm12.pdf:PDF},
  journaltitle = {CoRR},
  keywords     = {schubotzCV,cicm,conference,arxiv,preprint},
  title        = {{Making Math Searchable in Wikipedia}},
  volume       = {abs/1304.5475},
}

@inproceedings{Beel2013i,
  author    = {{B}eel, {J}oeran and {L}anger, {S}tefan and {G}enzmehr, {M}arcel and {G}ipp, {B}ela and {B}reitinger, {C}orinna and {N}uernberger, {A}ndreas},
  booktitle = {{P}roceedings of the {W}orkshop on {R}eproducibility and {R}eplication in {R}ecommender {S}ystems {E}valuation ({R}ep{S}ys) at the {ACM} {R}ecommender {S}ystem {C}onference ({R}ec{S}ys)},
  date      = {2013},
  doi       = {10.1145/2532508.2532512},
  keywords  = {preprint},
  preprint  = {https://ag-gipp.github.io/bib/preprints/beel2013i.pdf},
  series    = {ACM International Conference Proceedings Series (ICPS)},
  title     = {{R}esearch {P}aper {R}ecommender {S}ystem {E}valuation: {A} {Q}uantitative {L}iterature {S}urvey},
}

@inproceedings{JoeranBeel2013,
  author    = {{B}eel, {J}oeran and {L}anger, {S}tefan and {G}enzmehr, {M}arcel and {G}ipp, {B}ela and {N}uernberger, {A}ndreas},
  booktitle = {{P}roceedings of the {W}orkshop on {R}eproducibility and {R}eplication in {R}ecommender {S}ystems {E}valuation ({R}ep{S}ys) at the {ACM} {R}ecommender {S}ystem {C}onference ({R}ec{S}ys)},
  date      = {2013},
  doi       = {10.1145/2532508.2532511},
  keywords  = {preprint},
  preprint  = {https://ag-gipp.github.io/bib/preprints/joeranbeel2013.pdf},
  series    = {ACM International Conference Proceedings Series (ICPS)},
  title     = {{A} {C}omparative {A}nalysis of {O}ffline and {O}nline {E}valuations and {D}iscussion of {R}esearch {P}aper {R}ecommender {S}ystem {E}valuation},
}

@book{Gipp13a,
  author      = {{G}ipp, {B}ela},
  institution = {Department of Computer Science, Otto-von-Guericke University Magdeburg, Germany},
  publisher   = {University of Magdeburg},
  date        = {2013},
  keywords    = {preprint},
  preprint    = {https://ag-gipp.github.io/bib/preprints/gipp13a.pdf},
  title       = {{D}octoral {T}hesis: {C}itation-based {P}lagiarism {D}etection: {A}pplying {C}itation {P}attern {A}nalysis to {I}dentify {C}urrently {N}on-{M}achine-{D}etectable {D}isguised {P}lagiarism in {S}cientific {P}ublications},
}

@inproceedings{Gipp13,
  author    = {{G}ipp, {B}ela and {M}euschke, {N}orman and {B}reitinger, {C}orinna and {L}ipinski, {M}ario and {N}uernberger, {A}ndreas},
  location  = {Dublin, UK},
  publisher = {ACM},
  booktitle = {{P}roceedings of the 36th {I}nternational {ACM} {SIGIR} {C}onference on {R}esearch and {D}evelopment in {I}nformation {R}etrieval},
  date      = {2013-07},
  doi       = {10.1145/2484028.2484214},
  keywords  = {preprint},
  preprint  = {https://ag-gipp.github.io/bib/preprints/gipp13.pdf},
  title     = {{D}emonstration of {C}itation {P}attern {A}nalysis for {P}lagiarism {D}etection},
}

@inproceedings{Leich2013,
  author    = {Leich, Marcus and Adamek, Jochen and Schubotz, Moritz and Heise, Arvid and Rheinl{\"{a}}nder, Astrid and Markl, Volker},
  editor    = {Markl, Volker and Saake, Gunter and Sattler, Kai{-}Uwe and Hackenbroich, Gregor and Mitschang, Bernhard and H{\"{a}}rder, Theo and K{\"{o}}ppen, Veit},
  publisher = {GI},
  booktitle = {Datenbanksysteme f{\"{u}}r Business, Technologie und Web (BTW), 15. Fachtagung des GI-Fachbereichs "Datenbanken und Informationssysteme" (DBIS), 11.-15.3.2013 in Magdeburg, Germany. Proceedings},
  date      = {2013},
  doi       = {10.5281/zenodo.1210857},
  file      = {LeichASHRM13.pdf:LeichASHRM13.pdf:PDF},
  keywords  = {schubotzCV,preprint},
  pages     = {507--510},
  series    = {{LNI}},
  title     = {Applying Stratosphere for Big Data Analytics},
  volume    = {214},
}

@inproceedings{Lipinski13,
  author    = {{L}ipinski, {M}ario and {Y}ao, {K}evin and {B}reitinger, {C}orinna and {B}eel, {J}oeran and {G}ipp, {B}ela},
  location  = {Indianapolis, IN, USA},
  publisher = {ACM},
  booktitle = {{P}roceedings of the 13th {ACM}/{IEEE}-{CS} {J}oint {C}onference on {D}igital {L}ibraries ({JCDL})},
  date      = {2013-07},
  doi       = {10.1145/2467696.2467753},
  keywords  = {preprint},
  preprint  = {https://ag-gipp.github.io/bib/preprints/lipinski13.pdf},
  title     = {{E}valuation of {H}eader {M}etadata {E}xtraction {A}pproaches and {T}ools for {S}cientific {PDF} {D}ocuments},
}

% @article{Meuschke13,
%   author       = {{M}euschke, {N}orman and {G}ipp, {B}ela},
%   url          = {https://www.ojs.unisa.edu.au/index.php/IJEI/article/view/847/610},
%   date         = {2013-06},
%   journaltitle = {{I}nternational {J}ournal for {E}ducational {I}ntegrity},
%   keywords     = {preprint},
%   number       = {1},
%   pages        = {50--71},
%   preprint     = {https://ag-gipp.github.io/bib/preprints/meuschke13.pdf},
%   title        = {{S}tate of the {A}rt in {D}etecting {A}cademic {P}lagiarism},
%   volume       = {9},
% }

%N: shortened entry
@article{Meuschke13,
  author       = {{M}euschke, {N}orman and {G}ipp, {B}ela},
  journaltitle = {{I}nt. {J}. for {E}ducational {I}ntegrity},
  number       = {1},
  pages        = {50--71},
  title        = {{S}tate of the {A}rt in {D}etecting {A}cademic {P}lagiarism},
  volume       = {9},
  year = {2013},
  doi = {10.21913/IJEI.v9i1.847}
}
@inproceedings{Schubotz2013,
  abstract     = {In this paper, we present our approach for searching mathematical formulae. We focus on a batch query approach that does not rely on specialized indexes, which are usually domain dependent and restrict the expressiveness of the query language. Instead, we use Stratosphere, a distributed data processing platform for Big Data Analytics that accesses data in a non-indexed format. This system is very effective for answering batches of queries that a researcher may wish to evaluate in bulk on large data sets. We demonstrate our approach using the NTCIR10 Math task, which provides a set of formula patterns and a test data corpus. We showcase a simple data analysis program for answering the given queries. We interpret the patterns as regular expressions and assume that matches to these expressions are also relevant search results to the end-user. Based on the evaluation of our results by mathematicians from Zentralblatt Math and mathematics students from Jacobs University, we conclude that our assumption holds principally with regard to precision and recall. Our work is just a first step towards a well-defined query language and processing system for scientific publications that allows researchers to specify their information need in terms of mathematical formulae and their contexts. We envision that our system can be utilized to realize such a vision.},
  author       = {Schubotz, Moritz and Leich, Marcus and Markl, Volker},
  editor       = {Kando, Noriko and Kato, Tsuneaki},
  publisher    = {National Institute of Informatics {(NII)}},
  url          = {http://research.nii.ac.jp/ntcir/workshop/OnlineProceedings10/pdf/NTCIR/MATH/03-NTCIR10-MATH-SchubotzM.pdf},
  booktitle    = {Proceedings of the 10th {NTCIR} Conference on Evaluation of Information Access Technologies, NTCIR-10, National Center of Sciences, Tokyo, Japan, June 18-21, 2013},
  date         = {2013},
  file         = {:schubotzLM13.pdf:PDF},
  journaltitle = {ntcir-math.nii.ac.jp},
  keywords     = {math search,mathml,query language,stratosphere,schubotzCV,ntcir,conference,peerreview,preprint},
  maintitle    = {Querying large Collections of Mathematical Publications},
  pages        = {667--674},
  shorttitle   = {Querying large Collections of Mathematical Publications},
  title        = {Querying Large Collections of Mathematical Publications: {NTCIR10} Math Task},
}

% @inproceedings{Aizawa2014,
%   abstract  = {This paper presents an overview of the NTCIR-11 Math-2 Task, which is specifically dedicated to information access to mathematical content. In particular, the paper summarizes the task design, analysis of the submitted runs, and the main approaches deployed by the participating groups. It also contains an introduction to the optional free Wikipediasubtask, a newly introduced mathematical retrieval task using Wikipedia articles.},
%   author    = {Aizawa, Akiko and Kohlhase, Michael and Ounis, Iadh and Schubotz, Moritz},
%   publisher = {National Institute of Informatics {(NII)}},
%   url       = {http://research.nii.ac.jp/ntcir/workshop/OnlineProceedings11/pdf/NTCIR/OVERVIEW/01-NTCIR11-OV-MATH-AizawaA.pdf},
%   booktitle = {Proceedings of the 11th {NTCIR} Conference on Evaluation of Information Access Technologies, NTCIR-11, National Center of Sciences, Tokyo, Japan, December 9-12, 2014},
%   date      = {2014},
%   file      = {:01-NTCIR11-OV-MATH-AizawaA.pdf:PDF},
%   keywords  = {content,information access to mathematical,mathml,schubotzCV,conference,NTCIR,preprint},
%   pages     = {88--98},
%   title     = {{NTCIR-11} Math-2 Task Overview},
% }

%N: shortened entry
@inproceedings{Aizawa2014,
  author    = {Aizawa, Akiko and Kohlhase, Michael and Ounis, Iadh and Schubotz, Moritz},
  booktitle = {Proc. {NTCIR} Conf. on Evaluation of Information Access Technologies},
  date      = {2014},
  title     = {{NTCIR-11} Math-2 Task Overview},
}

@inproceedings{Beel14b,
  author    = {{B}eel, {J}oeran and {L}anger, {S}tefan and {G}ipp, {B}ela},
  location  = {London, UK},
  booktitle = {{P}roceedings of the 3rd {I}nternational {W}orkshop on {M}ining {S}cientific {P}ublications ({WOSP} 2014) at the {ACM}/{IEEE} {J}oint {C}onference on {D}igital {L}ibraries ({JCDL} 2014)},
  date      = {2014-09},
  doi       = {10.1045/november14-beel},
  keywords  = {preprint},
  preprint  = {https://ag-gipp.github.io/bib/preprints/beel14b.pdf},
  title     = {{T}he {A}rchitecture and {D}atasets of {D}ocear's {R}esearch {P}aper {R}ecommender {S}ystem},
}

@article{Beel14mdl,
  author       = {{B}eel, {J}oeran and {L}anger, {S}tefan and {G}ipp, {B}ela and {N}uernberger, {A}ndreas},
  url          = {https://www.dlib.org/dlib/november14/beel/11beel.html},
  date         = {2014-11},
  doi          = {10.1007/978-3-319-08786-3_26},
  journaltitle = {{D}-{L}ib {M}agazine - {T}he {M}agazine of {D}igital {L}ibrary {R}esearch},
  keywords     = {preprint},
  number       = {11/12},
  preprint     = {https://ag-gipp.github.io/bib/preprints/beel14mdl.pdf},
  title        = {{T}he {A}rchitecture and {D}atasets of {D}ocear's {R}esearch {P}aper {R}ecommender {S}ystem},
  volume       = {20},
}

@inproceedings{Beel2014d,
  author    = {{B}eel, {J}oeran and {L}anger, {S}tefan and {G}ipp, {B}ela and {N}uernberger, {A}ndreas},
  editor    = {Dimitrova, Vania and Kuflik, Tsvi and Chin, David and Ricci, Francesco and Dolog, Peter and Houben, Geert-Jan},
  publisher = {Springer},
  booktitle = {{P}roceedings of the 22nd {C}onference on {U}ser {M}odelling, {A}daption, and {P}ersonalization ({UMAP})},
  date      = {2014},
  doi       = {10.1007/978-3-319-08786-3_26},
  keywords  = {preprint},
  pages     = {301--313},
  preprint  = {https://ag-gipp.github.io/bib/preprints/beel2014d.pdf},
  series    = {Lecture Notes in Computer Science},
  title     = {{U}tilizing {M}ind-{M}aps for {I}nformation {R}etrieval and {U}ser {M}odelling},
  volume    = {8538},
}

@inproceedings{Cohl2014,
  author    = {Cohl, Howard S. and McClain, Marjorie A. and Saunders, Bonita V. and Schubotz, Moritz and Williams, Janelle C.},
  editor    = {Watt, Stephen M. and Davenport, James H. and Sexton, Alan P. and Sojka, Petr and Urban, Josef},
  publisher = {Springer},
  url       = {https://doi.org/10.1007/978-3-319-08434-3_30},
  booktitle = {Intelligent Computer Mathematics - International Conference, {CICM} 2014, Coimbra, Portugal, July 7-11, 2014. Proceedings},
  date      = {2014},
  doi       = {10.1007/978-3-319-08434-3_30},
  file      = {:disCicm14Drmf.pdf:PDF},
  keywords  = {schubotzCV,conference,cicm,preprint},
  pages     = {419--422},
  preprint  = {https://arxiv.org/pdf/1404.6519.pdf},
  series    = {Lecture Notes in Computer Science},
  title     = {Digital Repository of Mathematical Formulae},
  volume    = {8543},
}

@book{ThesisBelaGipp,
  author      = {{G}ipp, {B}ela},
  institution = {Department of Computer Science, Otto-von-Guericke-University Magdeburg, Germany},
  publisher   = {Springer Vieweg Research},
  url         = {https://www.springer.com/978-3-658-06393-1},
  date        = {2014},
  doi         = {0.1007/978-3-658-06394-8},
  isbn        = {978-3-658-06393-1},
  keywords    = {preprint},
  pages       = {350},
  preprint    = {https://ag-gipp.github.io/bib/preprints/thesisbelagipp.pdf},
  title       = {{C}itation-based {P}lagiarism {D}etection - {D}etecting {D}isguised and {C}ross-language {P}lagiarism using {C}itation {P}attern {A}nalysis},
}

% @article{Gipp13b,
%   author       = {{G}ipp, {B}ela and {M}euschke, {N}orman and {B}reitinger, {C}orinna},
%   date         = {2014},
%   doi          = {10.1002/asi.23228},
%   journaltitle = {{J}ournal of the {A}merican {S}ociety for {I}nformation {S}cience and {T}echnology {(JASIST)}},
%   keywords     = {preprint},
%   number       = {2},
%   pages        = {1527--1540},
%   preprint     = {https://ag-gipp.github.io/bib/preprints/gipp13b.pdf},
%   title        = {{C}itation-based {P}lagiarism {D}etection: {P}racticability on a {L}arge-scale {S}cientific {C}orpus},
%   volume       = {65},
% }

%N: shortened entry
@article{Gipp13b,
  author       = {{G}ipp, {B}ela and {M}euschke, {N}orman and {B}reitinger, {C}orinna},
  date         = {2014},
  doi          = {10.1002/asi.23228},
  journaltitle = {{JASIST}},
  number       = {2},
  pages        = {1527--1540},
  title        = {{C}itation-based {P}lagiarism {D}etection: {P}racticability on a {L}arge-scale {S}cientific {C}orpus},
  volume       = {65},
  doi = {10.1002/asi.23228}
}

% @inproceedings{gipp14a,
%   author    = {{G}ipp, {B}ela and {M}euschke, {N}orman and {B}reitinger, {C}orinna and {P}itman, {J}im and {N}uernberger, {A}ndreas},
%   location  = {Lisbon, Portugal},
%   booktitle = {{S}pecial {S}ession on {I}nformation {S}ystems {S}ecurity within {P}roceedings of the 16th {I}nternational {C}onference on {E}nterprise {I}nformation {S}ystems ({ICEIS} 2014)},
%   date      = {2014-04},
%   doi       = {10.5220/0004985406770683},
%   keywords  = {preprint},
%   pages     = {677--683},
%   preprint  = {https://ag-gipp.github.io/bib/preprints/gipp14a.pdf},
%   title     = {{W}eb-based {D}emonstration of {S}emantic {S}imilarity {D}etection using {C}itation {P}attern {V}isualization for a {C}ross {L}anguage {P}lagiarism {C}ase},
% }

%N: shortened entry
@inproceedings{gipp14a,
  author    = {{G}ipp, {B}ela and {M}euschke, {N}orman and {B}reitinger, {C}orinna and {P}itman, {J}im and {N}uernberger, {A}ndreas},
  booktitle = {Proc. {I}nt. {C}onf. on {E}nterprise {I}nformation {S}ystems},
  year      = {2014},
  doi       = {10.5220/0004985406770683},
  title     = {{W}eb-based {D}emonstration of {S}emantic {S}imilarity {D}etection using {C}itation {P}attern {V}isualization for a {C}ross {L}anguage {P}lagiarism {C}ase},
}

% @inproceedings{Meuschke14,
%   author    = {{M}euschke, {N}orman and {G}ipp, {B}ela},
%   location  = {London, UK},
%   booktitle = {{P}roceedings of the {IEEE}/{ACM} {I}nternational {C}onference on {D}igital {L}ibraries ({DL} 2014)},
%   date      = {2014-09},
%   doi       = {10.1109/JCDL.2014.6970168},
%   keywords  = {preprint},
%   pages     = {197--200},
%   preprint  = {https://ag-gipp.github.io/bib/preprints/meuschke14.pdf},
%   title     = {{R}educing {C}omputational {E}ffort for {P}lagiarism {D}etection by using {C}itation {C}haracteristics to {L}imit {R}etrieval {S}pace},
% }

%N: shortened entry
@inproceedings{Meuschke14,
  author    = {{M}euschke, {N}orman and {G}ipp, {B}ela},
  booktitle = {{P}roc. {IEEE}/{ACM} {J}oint {C}onf. on {D}igital {L}ibraries ({JCDL})},
  year      = {2014},
  doi       = {10.1109/JCDL.2014.6970168},
  title     = {{R}educing {C}omputational {E}ffort for {P}lagiarism {D}etection by using {C}itation {C}haracteristics to {L}imit {R}etrieval {S}pace},
}

@inproceedings{Pagel2014,
  author    = {Pagel, Robert and Schubotz, Moritz},
  editor    = {England, Matthew and Davenport, James H. and Kohlhase, Andrea and Kohlhase, Michael and Libbrecht, Paul and Neuper, Walther and Quaresma, Pedro and Sexton, Alan P. and Sojka, Petr and Urban, Josef and Watt, Stephen M.},
  publisher = {CEUR-WS.org},
  url       = {http://ceur-ws.org/Vol-1186/paper-23.pdf},
  booktitle = {Joint Proceedings of the MathUI, OpenMath and ThEdu Workshops and Work in Progress track at {CICM} co-located with Conferences on Intelligent Computer Mathematics {(CICM} 2014), Coimbra, Portugal, July 7-11, 2014.},
  date      = {2014},
  file      = {:disCicm14Mlp.pdf:PDF},
  keywords  = {schubotzCV,cicm,conference,wip,peerreview,preprint},
  series    = {{CEUR} Workshop Proceedings},
  title     = {Mathematical Language Processing Project},
  volume    = {1186},
}

@inproceedings{Schubotz2014,
  author    = {Schubotz, Moritz and Wicke, Gabriel},
  editor    = {Watt, Stephen M. and Davenport, James H. and Sexton, Alan P. and Sojka, Petr and Urban, Josef},
  publisher = {Springer},
  url       = {https://doi.org/10.1007/978-3-319-08434-3_17},
  biburl    = {https://dblp.uni-trier.de/rec/bibtex/conf/mkm/SchubotzW14},
  booktitle = {Intelligent Computer Mathematics - International Conference, {CICM} 2014, Coimbra, Portugal, July 7-11, 2014. Proceedings},
  date      = {2014},
  doi       = {10.1007/978-3-319-08434-3_17},
  file      = {:disCicm14Mathoid.pdf:PDF},
  keywords  = {schubotzCV,preprint},
  pages     = {224--235},
  preprint  = {https://arxiv.org/pdf/1404.6179.pdf},
  series    = {Lecture Notes in Computer Science},
  title     = {Mathoid: Robust, Scalable, Fast and Accessible Math Rendering for Wikipedia},
  volume    = {8543},
}

@inproceedings{Schubotz2014a,
  abstract   = {In this paper we evaluate the similarity-measure factors pro- posed by Zhang and Youssef based on the NTCIR-11 gold standard. In contrast to Zhang and Youssef we evaluate them individually. The evaluation indicates that four of five factors are relevant. The fifth factor alone is of lower rele- vance than the other four factors. However, we do not prove that the fifth factor is irrelevant.},
  author     = {Schubotz, Moritz and Youssef, Abdou and Markl, Volker and Cohl, Howard S. and Li, Jimmy J.},
  editor     = {Kando, Noriko and Joho, Hideo and Kishida, Kazuaki},
  publisher  = {National Institute of Informatics {(NII)}},
  url        = {http://research.nii.ac.jp/ntcir/workshop/OnlineProceedings11/pdf/NTCIR/Math-2/04-NTCIR11-MATH-SchubotzM.pdf},
  booktitle  = {Proceedings of the 11th {NTCIR} Conference on Evaluation of Information Access Technologies, NTCIR-11, National Center of Sciences, Tokyo, Japan, December 9-12, 2014},
  date       = {2014},
  file       = {:schubotzYMCL14.pdf:PDF},
  keywords   = {schubotzCV,preprint},
  maintitle  = {Evaluation of Similarity-Measure Factors for Formulae},
  shorttitle = {Evaluation of Similarity-Measure Factors for Formulae},
  title      = {Evaluation of Similarity-Measure Factors for Formulae Based on the {NTCIR-11} Math Task},
}

@article{Beel2014a,
  author       = {{B}eel, {J}oeran and {G}ipp, {B}ela and {L}anger, {S}tefan and {B}reitinger, {C}orinna},
  publisher    = {Springer Berlin Heidelberg},
  date         = {2015},
  doi          = {10.1007/s00799-015-0156-0},
  issn         = {1432-5012},
  journaltitle = {{I}nternational {J}ournal on {D}igital {L}ibraries},
  keywords     = {Recommender system; User modeling; Research paper recommender systems; Content based filtering; Review; Survey,preprint},
  pages        = {1--34},
  preprint     = {https://ag-gipp.github.io/bib/preprints/beel2014a.pdf},
  title        = {{R}esearch-paper recommender systems: a literature survey},
}

@inproceedings{Beel15u,
  author    = {{B}eel, {J}oeran and {L}anger, {S}tefan and {K}apitsaki, {G}eorgia {M}. and {B}reitinger, {C}orinna and {G}ipp, {B}ela},
  publisher = {Springer},
  booktitle = {{U}ser {M}odeling, {A}daptation and {P}ersonalization - 23rd {I}nternational {C}onference, {UMAP} 2015, {D}ublin, {I}reland},
  date      = {2015-06},
  doi       = {10.1007/978-3-319-20267-9},
  isbn      = {978-3-319-20266-2},
  keywords  = {preprint},
  pages     = {3--17},
  preprint  = {https://ag-gipp.github.io/bib/preprints/beel15u.pdf},
  series    = {Lecture Notes of Computer Science},
  title     = {{E}xploring the {P}otential of {U}ser {M}odeling based on {M}ind {M}aps},
}

@inproceedings{Cohl2015,
  author     = {Cohl, Howard S. and Schubotz, Moritz and McClain, Marjorie A. and Saunders, Bonita V. and Zou, Cherry Y. and Mohammed, Azeem S. and Danoff, Alex A.},
  editor     = {Kerber, Manfred and Carette, Jacques and Kaliszyk, Cezary and Rabe, Florian and Sorge, Volker},
  publisher  = {Springer},
  booktitle  = {Intelligent Computer Mathematics, Lecture Notes in Artificial Intelligence 9150},
  date       = {2015},
  doi        = {10.1007/978-3-319-20615-8_18},
  file       = {:disCicm15.pdf:PDF},
  keywords   = {schubotzCV,preprint},
  pages      = {280--287},
  preprint   = {https://arxiv.org/pdf/1505.01431.pdf},
  series     = {LNCS},
  shorttitle = {{Growing the \gls{drmf} with Generic \LaTeX{} Sources}},
  title      = {{Growing the Digital Repository of Mathematical Formulae with Generic \LaTeX{} Sources}},
  volume     = {9150},
}

@inproceedings{Gipp15a,
  author    = {{G}ipp, {B}ela and {M}euschke, {N}orman and {G}ernandt, {A}ndre},
  location  = {Newport Beach, California},
  url       = {https://ischools.org/the-iconference/},
  booktitle = {{P}roceedings of the i{C}onference 2015},
  date      = {2015-03},
  keywords  = {preprint},
  preprint  = {https://ag-gipp.github.io/bib/preprints/gipp15a.pdf},
  title     = {{D}ecentralized {T}rusted {T}imestamping using the {C}rypto {C}urrency {B}itcoin},
}

@inproceedings{Gipp15b,
  author    = {{G}ipp, {B}ela and {M}euschke, {N}orman and {L}ipinski, {M}ario},
  location  = {Newport Beach, California},
  url       = {https://ischools.org/the-iconference/},
  booktitle = {{P}roceedings of the i{C}onference 2015},
  date      = {2015-03},
  keywords  = {preprint},
  preprint  = {https://ag-gipp.github.io/bib/preprints/gipp15b.pdf},
  title     = {{CITREC}: {A}n {E}valuation {F}ramework for {C}itation-{B}ased {S}imilarity {M}easures based on {TREC} {G}enomics and {P}ub{M}ed {C}entral},
}

@inproceedings{Schubotz2015,
  author     = {Schubotz, Moritz and Youssef, Abdou and Markl, Volker and Cohl, Howard S.},
  editor     = {Baeza{-}Yates, Ricardo A. and Lalmas, Mounia and Moffat, Alistair and Ribeiro{-}Neto, Berthier A.},
  location   = {Santiago, Chile},
  publisher  = {ACM},
  booktitle  = {Proceedings of the 38th International ACM SIGIR Conference on Research and Development in Information Retrieval},
  date       = {2015},
  doi        = {10.1145/2766462.2767787},
  file       = {:disSigir15.pdf:PDF},
  isbn       = {978-1-4503-3621-5},
  keywords   = {MIR,NTCIR,benchmark,dataset,lateXML,math information retrieval,math search,mathML,mathoid,task,wikipedia,schubotzCV,preprint},
  pages      = {951--954},
  preprint   = {https://www2.seas.gwu.edu/~ayoussef/papers/Challenges%20of%20Mathematical%20Information%20Retrieval%20in%20the%20NTCIR-11-SIGIR2015.pdf},
  series     = {SIGIR '15},
  shorttitle = {Challenges of \gls{mir} in \gls{wmc}},
  title      = {Challenges of Mathematical Information Retrieval in the {NTCIR-11} Math Wikipedia Task},
}

@article{JoeranBeelEtAl2016a,
  abstract     = {Numerous recommendation approaches are in use today. However, comparing their effectiveness is a challenging task because evaluation results are rarely reproducible. In this article, we examine the challenge of reproducibility in recommender-system research. We conduct experiments using Plista's news recommender system, and Docear's research-paper recommender system. The experiments show that there are large discrepancies in the effectiveness of identical recommendation approaches in only slightly different scenarios, as well as large discrepancies for slightly different approaches in identical scenarios. For example, in one news-recommendation scenario, the performance of a content-based filtering approach was twice as high as the second-best approach, while in another scenario the same content-based filtering approach was the worst performing approach. We found several determinants that may contribute to the large discrepancies observed in recommendation effectiveness. Determinants we examined include user characteristics (gender and age), datasets, weighting schemes, the time at which recommendations were shown, and user-model size. Some of the determinants have interdependencies. For instance, the optimal size of an algorithms' user model depended on users' age. Since minor variations in approaches and scenarios can lead to significant changes in a recommendation approach's performance, ensuring reproducibility of experimental results is difficult. We discuss these findings and conclude that to ensure reproducibility, the recommender-system community needs to (1) survey other research fields and learn from them, (2) find a common understanding of reproducibility, (3) identify and understand the determinants that affect reproducibility, (4) conduct more comprehensive experiments, (5) modernize publication practices, (6) foster the development and use of recommendation frameworks, and (7) establish best-practice guidelines for recommender-systems research.},
  author       = {{B}eel, {J}oeran and {B}reitinger, {C}orinna and {L}anger, {S}tefan and {L}ommatzsch, {A}ndreas and {G}ipp, {B}ela},
  date         = {2016},
  doi          = {10.1007/s11257-016-9174-x},
  issn         = {1573-1391},
  journaltitle = {{U}ser {M}odeling and {U}ser-{A}dapted {I}nteraction ({UMUAI})},
  keywords     = {preprint},
  pages        = {69--101},
  preprint     = {https://ag-gipp.github.io/bib/preprints/joeranbeeletal2016a.pdf},
  title        = {{T}owards reproducibility in recommender-systems research},
  volume       = {26},
}

@inproceedings{Gipp2016a,
  author    = {{G}ipp, {B}ela and {K}osti, {J}agrut and {B}reitinger, {C}orinna},
  location  = {Paphos, Cyprus},
  booktitle = {{P}roceedings of the 10th {M}editerranean {C}onference on {I}nformation {S}ystems ({MCIS})},
  date      = {2016-09},
  keywords  = {preprint},
  preprint  = {https://ag-gipp.github.io/bib/preprints/gipp2016a.pdf},
  title     = {{Securing Video Integrity Using Decentralized Trusted Timestamping on the Blockchain}},
}

@inproceedings{Hofmann2016,
  author    = {{H}ofmann, {J}acqueline and {M}ueller, {J}ens and {G}ipp, {B}ela and {R}eiterer, {H}arald},
  booktitle = {{H}umans and {C}omputers 2016, {P}roceedings},
  date      = {2016},
  doi       = {10.18420/muc2016-mci-0030},
  keywords  = {preprint},
  preprint  = {https://ag-gipp.github.io/bib/preprints/hofmann2016.pdf},
  title     = {bibox: {A} {T}angible {A}pproach to {M}otivating {P}articipation in {P}ublic {L}ibraries},
}

@inproceedings{Meschenmoser2016,
  author    = {{M}eschenmoser, {P}hilipp and {M}euschke, {N}orman and {H}otz, {M}anuel and {G}ipp, {B}ela},
  location  = {Newark, New Jersey, USA},
  booktitle = {5th {I}nternational {W}orkshop on {M}ining {S}cientific {P}ublications ({WOSP}) held in conjunction with the 16th {ACM}/{IEEE}-{CS} {J}oint {C}onference on {D}igital {L}ibraries ({JCDL})},
  date      = {2016},
  doi       = {10.1045/september2016-meschenmoser},
  keywords  = {preprint},
  preprint  = {https://ag-gipp.github.io/bib/preprints/meschenmoser2016.pdf},
  title     = {Crawling Scientific Repositories},
}

@article{Meschenmoser2016a,
  author       = {{M}eschenmoser, {P}hilipp and {M}euschke, {N}orman and {H}otz, {M}anuel and {G}ipp, {B}ela},
  date         = {2016},
  doi          = {10.1045/september2016-meschenmoser},
  journaltitle = {D-Lib Magazine},
  keywords     = {preprint},
  number       = {9/10},
  preprint     = {https://ag-gipp.github.io/bib/preprints/meschenmoser2016a.pdf},
  title        = {{S}craping {S}cientific {W}eb {R}epositories: {C}hallenges and {S}olutions for {A}utomated {C}ontent {E}xtraction},
  volume       = {22},
}

@inproceedings{Schubotz16,
  author     = {{S}chubotz, {M}oritz and {G}rigorev, {A}lexey and {L}eich, {M}arcus and {C}ohl, {H}oward {S}. and {M}euschke, {N}orman and {G}ipp, {B}ela and {Y}oussef, {A}bdou {S}. and {M}arkl, {V}olker},
  location   = {Pisa, Italy},
  publisher  = {ACM},
  booktitle  = {{P}roceedings of the 39th {I}nt. {ACM} {SIGIR} {C}onference on {R}esearch and {D}evelopment in {I}nformation {R}etrieval},
  date       = {2016},
  doi        = {10.1145/2911451.2911503},
  file       = {:disSigir16.pdf:PDF},
  isbn       = {978-1-4503-4069-4},
  keywords   = {MIR,MLP,definitions,identifiers,mathematical information retrieval,mathematical knowledge management,mathematical language processing,mathematics,mathoid,mathosphere,namespace discovery,wikipedia,schubotzCV,preprint},
  note       = {Full Paper},
  pages      = {135--144},
  preprint   = {https://ag-gipp.github.io/bib/preprints/schubotz16.pdf},
  series     = {SIGIR '16},
  shorttitle = {Semantification of Identifiers in Mathematics for \gls{mir}},
  title      = {{S}emantification of {I}dentifiers in {M}athematics for {B}etter {M}ath {I}nformation {R}etrieval},
}

@inproceedings{Schubotz2016b,
  author     = {Schubotz, Moritz and Meuschke, Norman and Leich, Marcus and Gipp, Bela},
  editor     = {Kando, Noriko and Sakai, Tetsuya and Sanderson, Mark},
  publisher  = {National Institute of Informatics {(NII)}},
  url        = {http://research.nii.ac.jp/ntcir/workshop/OnlineProceedings12/pdf/ntcir/MathIR/02-NTCIR12-MathIR-SchubotzM.pdf},
  biburl     = {https://dblp.org/rec/bib/conf/ntcir/SchubotzMLG16},
  booktitle  = {Proceedings of the 12th {NTCIR} Conference on Evaluation of Information Access Technologies, National Center of Sciences, Tokyo, Japan, June 7-10, 2016},
  date       = {2016},
  file       = {disNtcir12.pdf:disNtcir12.pdf:PDF},
  keywords   = {schubotzCV,preprint},
  maintitle  = {Exploring the One-Brain-Barrier},
  preprint   = {https://ag-gipp.github.io/bib/preprints/schubotz2016b.pdf},
  shorttitle = {Exploring the One-Brain-Barrier},
  title      = {Exploring the One-Brain-Barrier: a Manual Contribution to the NTCIR -12 Math Task},
}

@inproceedings{Schubotz2016,
  author    = {Schubotz, Moritz and Sexton, Alan P.},
  editor    = {Kohlhase, Andrea and Libbrecht, Paul and Miller, Bruce R. and Naumowicz, Adam and Neuper, Walther and Quaresma, Pedro and Tompa, Frank Wm. and Suda, Martin},
  publisher = {CEUR-WS.org},
  url       = {http://ceur-ws.org/Vol-1785/W48.pdf},
  biburl    = {https://dblp.org/rec/bib/conf/cikm/SchubotzS16},
  booktitle = {Joint Proceedings of the FM4M, MathUI, and ThEdu Workshops, Doctoral Program, and Work in Progress at the Conference on Intelligent Computer Mathematics 2016 co-located with the 9th Conference on Intelligent Computer Mathematics {(CICM} 2016), Bialystok, Poland, July 25-29, 2016.},
  date      = {2016},
  keywords  = {preprint,SchubotzCV},
  pages     = {132--145},
  preprint  = {http://pure-oai.bham.ac.uk/ws/files/31196373/Schubotz_Sexton_Smooth_Transition_CEUR_Proceedings.pdf},
  series    = {{CEUR} Workshop Proceedings},
  title     = {A Smooth Transition to Modern mathoid-based Math Rendering in Wikipedia with Automatic Visual Regression Testing},
  volume    = {1785},
}

@inproceedings{Schubotz2016a,
  author    = {Schubotz, Moritz and Veenhuis, David and Cohl, Howard S.},
  editor    = {Kohlhase, Andrea and Libbrecht, Paul and Miller, Bruce R. and Naumowicz, Adam and Neuper, Walther and Quaresma, Pedro and Tompa, Frank Wm. and Suda, Martin},
  publisher = {CEUR-WS.org},
  url       = {http://ceur-ws.org/Vol-1785/W45.pdf},
  biburl    = {https://dblp.org/rec/bib/conf/cikm/SchubotzVC16},
  booktitle = {Joint Proceedings of the FM4M, MathUI, and ThEdu Workshops, Doctoral Program, and Work in Progress at the Conference on Intelligent Computer Mathematics 2016 co-located with the 9th Conference on Intelligent Computer Mathematics {(CICM} 2016), Bialystok, Poland, July 25-29, 2016.},
  date      = {2016},
  doi       = {10.13140/RG.2.1.2508.0561},
  file      = {:disCicm16Units.pdf:PDF},
  keywords  = {schubotzCV,preprint},
  pages     = {146--156},
  series    = {{CEUR} Workshop Proceedings},
  title     = {Getting the units right},
  volume    = {1785},
}

@inproceedings{Schwarzer2016,
  author    = {{S}chwarzer, {M}alte and {S}chubotz, {M}oritz and {M}euschke, {N}orman and {B}reitinger, {C}orinna anld {M}arkl, {V}olker and {G}ipp, {B}ela},
  location  = {Newark, New Jersey, USA},
  publisher = {ACM},
  booktitle = {{P}roceedings of the 16th {ACM}/{IEEE}-{CS} {J}oint {C}onference on {D}igital {L}ibraries ({JCDL})},
  date      = {2016},
  doi       = {10.1145/2910896.2910908},
  isbn      = {978-1-4503-4229-2},
  keywords  = {SchubotzCV,preprint},
  pages     = {191--200},
  preprint  = {https://ag-gipp.github.io/bib/preprints/schwarzer2016.pdf},
  series    = {JCDL '16},
  title     = {{E}valuating {L}ink-based {R}ecommendations for {W}ikipedia},
}

@inbook{Weiler2016,
  author    = {Weiler, Andreas and Beel, Joeran and Gipp, Bela and Grossniklaus, Michael},
  editor    = {Bostroem, Henrik and Knobbe, Arno and Soares, Carlos and Papapetrou, Panagiotis},
  publisher = {Springer},
  booktitle = {Advances in Intelligent Data Analysis XV},
  date      = {2016},
  doi       = {10.1007/978-3-319-46349-0},
  isbn      = {978-3-319-46348-3},
  keywords  = {preprint},
  preprint  = {https://ag-gipp.github.io/bib/preprints/weiler2016.pdf},
  series    = {Lecture Notes in Computer Science (LNCS)},
  subtitle  = {Proceedings of the 15th International Symposium on Intelligent Data Analysis (IDA'16)},
  title     = {Stability Evaluation of Event Detection Techniques for Twitter},
  volumes   = {9897},
}

@inproceedings{Elassady2017,
  author    = {El-Assady, Mennatallah and Sevastjanova, Rita and Gipp, Bela and Keim, Daniel and Collins, Christopher},
  booktitle = {Proceedings of the Eurographics Conference on Visualization (EuroVis)},
  date      = {2017},
  keywords  = {preprint},
  number    = {3},
  preprint  = {https://ag-gipp.github.io/bib/preprints/elassady2017.pdf},
  title     = {NEREx: Named-Entity Relationship Exploration in Multi-Party Conversations},
  volume    = {36},
}

@inproceedings{Beel2017g,
  author    = {Beel, Joeran and Aizawa, Akiko and Breitinger, Corinna and Gipp, Bela},
  booktitle = {Proceedings of the ACM/IEEE-CS Joint Conference on Digital Libraries (JCDL)},
  date      = {2017},
  keywords  = {preprint},
  preprint  = {https://ag-gipp.github.io/bib/preprints/beel2017g.pdf},
  title     = {Mr. DLib: Recommendations-as-a-Service (RaaS) for Academia},
}

@inproceedings{Beel17,
  author    = {{B}eel, {J}oeran and {L}anger, {S}tefan and {G}ipp, {B}ela},
  location  = {Wuhan, China},
  url       = {https://ischools.org/the-iconference/},
  booktitle = {{P}roceedings of the i{C}onference 2017},
  date      = {2017-03},
  keywords  = {preprint},
  preprint  = {https://ag-gipp.github.io/bib/preprints/beel17.pdf},
  title     = {{TF-IDuF}: {A} {N}ovel {T}erm-{W}eighting {S}cheme for {U}ser {M}odeling based on {U}sers' {P}ersonal {D}ocument {Collections}},
}

@inproceedings{Breitinger2017,
  author    = {{B}reitinger, {C}orinna and {G}ipp, {B}ela},
  editor    = {Gaede, Maria and Trkulja, Violeta and Petra, Vivien},
  location  = {Berlin},
  url       = {http://edoc.hu-berlin.de/docviews/abstract.php?lang=ger&id=43360},
  booktitle = {{P}roceedings of the 15th {I}nternational {S}ymposium of {I}nformation {S}cience},
  date      = {2017-03},
  keywords  = {preprint},
  pages     = {89--95},
  preprint  = {https://ag-gipp.github.io/bib/preprints/breitinger2017.pdf},
  title     = {{V}irtualPatent - {E}nabling the {T}raceability of {I}deas {S}hared {O}nline using {D}ecentralized {T}rusted {T}imestamping},
}

@inproceedings{Cohl2017,
  author    = {Cohl, Howard S. and Schubotz, Moritz and Youssef, Abdou and Greiner{-}Petter, Andr{\'{e}} and Gerhard, J{\"{u}}rgen and Saunders, Bonita V. and McClain, Marjorie A. and Bang, Joon and Chen, Kevin},
  editor    = {Geuvers, Herman and England, Matthew and Hasan, Osman and Rabe, Florian and Teschke, Olaf},
  publisher = {Springer},
  url       = {https://doi.org/10.1007/978-3-319-62075-6_9},
  biburl    = {https://dblp.org/rec/bib/conf/mkm/CohlSYGGSMBC17},
  booktitle = {Intelligent Computer Mathematics - 10th International Conference, {CICM} 2017, Edinburgh, UK, July 17-21, 2017, Proceedings},
  date      = {2017},
  doi       = {10.1007/978-3-319-62075-6_9},
  keywords  = {schubotzCV,preprint},
  pages     = {115--131},
  preprint  = {http://hcohl.sdf.org/drmfcas.pdf},
  series    = {Lecture Notes in Computer Science},
  title     = {Semantic Preserving Bijective Mappings of Mathematical Formulae Between Document Preparation Systems and Computer Algebra Systems},
  volume    = {10383},
}

@inproceedings{Corneli2017,
  author    = {Corneli, Joe and Schubotz, Moritz},
  url       = {https://www.research.ed.ac.uk/portal/files/32938085/corneli2017math.pdf},
  biburl    = {https://www.research.ed.ac.uk/portal/en/publications/mathwikipediaorg-a-vision-for-a-collaborative-semiformal-language-independent-maths-encyclopedia(9588c61f-5234-4f9d-a036-c7c3daac9307).bibtex?download=true},
  booktitle = {Conference on Artificial Intelligence and Theorem Proving},
  date      = {2017},
  file      = {:aitp-math-wiki-4pp.pdf:PDF},
  keywords  = {schubotzCV,preprint},
  title     = {math.wikipedia.org: A vision for a collaborative semi-formal, language independent math(s) encyclopedia},
}

@inproceedings{Dahm2017,
  abstract  = {In this vision paper, we suggest combining two lines of research to study the collective behavior of Wikipedia contributors. The first line of research analyzes Wikipedia's edit history to quantify the quality of individual contributions and the resulting reputation of the contributor. The second line of research surveys Wikipedia contributors to gain insights, e.g., on their personal and professional background, socioeconomic status, or motives to contribute to Wikipedia. While both lines of research are valuable on their own, we argue that the combination of both approaches could yield insights that exceed the sum of the individual parts. Linking survey data to contributor reputation and content-based quality metrics could provide a large-scale, public domain data set to perform user modeling, i.e. deducing interest profiles of user groups. User profiles can, among other applications, help to improve recommender systems. The resulting dataset can also enable a better understanding and improved prediction of high quality Wikipedia content and successful Wikipedia contributors. Furthermore, the dataset can enable novel research approaches to investigate team composition and collective behavior as well as help to identify domain experts and young talents. We report on the status of implementing our large-scale, content-based analysis of the Wikipedia edit history using the big data processing framework Apache Flink. Additionally, we describe our plans to conduct a survey among Wikipedia contributors to enhance the content-based quality metrics.},
  author    = {Dahm, Erik and Schubotz, Moritz and Meuschke, Norman and Gipp, Bela},
  editor    = {Barrett, Rick and Cummings, Rick and Agichtein, Eugene and Gabrilovich, Evgeniy},
  publisher = {ACM},
  url       = {http://doi.acm.org/10.1145/3041021.3053363},
  booktitle = {Proceedings of the 26th International Conference on World Wide Web Companion, Perth, Australia, April 3-7, 2017},
  date      = {2017},
  doi       = {10.1145/3041021.3053363},
  file      = {Dahm2017.pdf:Dahm2017.pdf:PDF},
  keywords  = {article quality,author reputation,editor types,wikipedia,schubotzCV,preprint},
  pages     = {1627--1634},
  preprint  = {https://ag-gipp.github.io/bib/preprints/dahm2017.pdf},
  title     = {A Vision for Performing Social and Economic Data Analysis using Wikipedia's Edit History},
}

@inproceedings{Ehret2017,
  author    = {Ehret, Philip and Zucalla, Alesia and Gipp, Bela},
  location  = {Wuhan, China},
  booktitle = {Proceedings of ISSI 2017: 17th International Society of Scientometrics and Informetrics Conference},
  date      = {2017-10},
  keywords  = {preprint},
  preprint  = {https://ag-gipp.github.io/bib/preprints/ehret2017.pdf},
  title     = {University rankings in computer science: A study and visualization of 'geo-based' impact and conference proceeding (CORE) scores},
}

@inproceedings{Feyer17,
  author    = {{F}eyer, {S}tefan and {S}iebert, {S}ophie and {G}ipp, {B}ela and {A}izawa, {A}kiko and {B}eel, {J}oeran},
  location  = {Aberdeen, Scotland},
  url       = {https://www.ecir2017.org/},
  booktitle = {{P}roceedings of the 29th {E}uropean {C}onference on {I}nformation {R}etrieval ({ECIR17})},
  date      = {2017-04},
  keywords  = {preprint},
  preprint  = {https://ag-gipp.github.io/bib/preprints/feyer17.pdf},
  title     = {{I}ntegration of the {S}cientific {R}ecommender {S}ystem {Mr. DLib} into the {R}eference {M}anager {JabRef}},
}

@inproceedings{Gipp2017b,
  author    = {Gipp, Bela and Breitinger, Corinna and Meuschke, Norman and Beel, Joeran},
  location  = {Toronto, Canada},
  booktitle = {Proceedings of the ACM/IEEE-CS Joint Conference on Digital Libraries (JCDL)},
  date      = {2017},
  keywords  = {preprint},
  preprint  = {https://ag-gipp.github.io/bib/preprints/gipp2017b.pdf},
  title     = {CryptSubmit: Introducing Securely Timestamped Manuscript Submission and Peer Review Feedback using the Blockchain},
}

@article{Gipp2017a,
  author       = {Gipp, Bela and Meuschke, Norman and Beel, Joeran and Breitinger, Corinna},
  url          = {http://www.ieee-tcdl.org/mediawiki/TCDL/Bulletin/current/papers/gipp.pdf},
  date         = {2017},
  journaltitle = {Bulletin of IEEE Technical Committee on Digital Libraries (TCDL)},
  keywords     = {Web archiving,blockchain applications,online news preservation,trusted timestamping,preprint},
  number       = {1},
  preprint     = {https://ag-gipp.github.io/bib/preprints/gipp2017a.pdf},
  title        = {Using the Blockchain of Cryptocurrencies for Timestamping Digital Cultural Heritage},
  volume       = {13},
}

@inproceedings{Hamborg2017c,
  author    = {Hamborg, Felix and Elmaghraby, Moustafa and Breitinger, Corinna and Gipp, Bela},
  location  = {Tokyo, Japan},
  booktitle = {2nd Joint Workshop on Bibliometric-enhanced Information Retrieval and Natural Language Processing for Digital Libraries (BIRNDL 2017) held in conjunction with the 40th International ACM SIGIR Conference on Research and Development in Information Retrieval (SIGIR 2017)},
  date      = {2017-08},
  keywords  = {preprint},
  preprint  = {https://ag-gipp.github.io/bib/preprints/hamborg2017c.pdf},
  title     = {Automated Generation of Timestamped Patent Abstracts at Scale to Outsmart Patent-Trolls},
}

@inproceedings{Hamborg2017a,
  author    = {{H}amborg, {F}elix and {M}euschke, {N}orman and {A}izawa, {A}kiko and {G}ipp, {B}ela},
  editor    = {Gaede, Maria and Trkulja, Violeta and Petra, Vivien},
  location  = {Berlin},
  url       = {http://edoc.hu-berlin.de/docviews/abstract.php?id=43364},
  booktitle = {{P}roceedings of the 15th {I}nternational {S}ymposium of {I}nformation {S}cience},
  date      = {2017-03},
  keywords  = {preprint},
  pages     = {224--236},
  preprint  = {https://ag-gipp.github.io/bib/preprints/hamborg2017a.pdf},
  title     = {{I}dentification and {A}nalysis of {M}edia {B}ias in {N}ews {A}rticles},
}

@inproceedings{Hamborg2017,
  author    = {{H}amborg, {F}elix and {M}euschke, {N}orman and {B}reitinger, {C}orinna and {G}ipp, {B}ela},
  editor    = {Gaede, Maria and Trkulja, Violeta and Petra, Vivien},
  location  = {Berlin},
  url       = {http://edoc.hu-berlin.de/docviews/abstract.php?id=43365},
  booktitle = {{P}roceedings of the 15th {I}nternational {S}ymposium of {I}nformation {S}cience},
  date      = {2017-03},
  keywords  = {preprint},
  pages     = {218--223},
  preprint  = {https://ag-gipp.github.io/bib/preprints/hamborg2017.pdf},
  title     = {{news-please}: {A} {G}eneric {N}ews {C}rawler and {E}xtractor},
}

@inproceedings{Hamborg2017b,
  author    = {Hamborg, Felix and Meuschke, Norman and Gipp, Bela},
  booktitle = {Proceedings of the ACM/IEEE-CS Joint Conference on Digital Libraries (JCDL)},
  date      = {2017},
  doi       = {10.1109/JCDL.2017.7991561},
  keywords  = {preprint},
  note      = {Best Student Paper Award at the JCDL 2017},
  preprint  = {https://ag-gipp.github.io/bib/preprints/hamborg2017b.pdf},
  title     = {Matrix-based News Aggregation: Exploring Different News Perspectives},
}

@inproceedings{Jentner2017,
  author    = {Jentner, Wolfgang and El-Assady, Mennatallah and Gipp, Bela and Keim, Daniel},
  booktitle = {Proceedings of the Eurographics Conference on Visualization (EuroVis)},
  date      = {2017},
  keywords  = {preprint},
  preprint  = {https://ag-gipp.github.io/bib/preprints/jentner2017.pdf},
  title     = {Feature Alignment for the Analysis of Verbatim Text Transcripts},
}

% @inproceedings{Meuschke2017a,
%   author    = {Meuschke, Norman and Schubotz, Moritz and Hamborg, Felix and Skopal, Tom{\'{a}}s and Gipp, Bela},
%   editor    = {Lim, Ee{-}Peng and Winslett, Marianne and Sanderson, Mark and Fu, Ada Wai{-}Chee and Sun, Jimeng and Culpepper, J. Shane and Lo, Eric and Ho, Joyce C. and Donato, Debora and Agrawal, Rakesh and Zheng, Yu and Castillo, Carlos and Sun, Aixin and Tseng, Vincent S. and Li, Chenliang},
%   location  = {Singapore},
%   publisher = {ACM},
%   url       = {http://doi.acm.org/10.1145/3132847.3133144},
%   booktitle = {Proceedings of the 2017 {ACM} on Conference on Information and Knowledge Management, {CIKM} 2017, Singapore, November 06 - 10, 2017},
%   date      = {2017},
%   doi       = {10.1145/3132847.3133144},
%   keywords  = {schubotzCV,preprint},
%   pages     = {2211--2214},
%   preprint  = {https://ag-gipp.github.io/bib/preprints/meuschke2017b.pdf},
%   title     = {Analyzing Mathematical Content to Detect Academic Plagiarism},
% }

%N: shortened entry
@inproceedings{Meuschke2017a,
  author    = {Meuschke, Norman and Schubotz, Moritz and Hamborg, Felix and Skopal, Tomas and Gipp, Bela},
  booktitle = {Proc. {ACM} Conf. on Information and Knowledge Management, {(CIKM)}},
  year      = {2017},
  doi       = {10.1145/3132847.3133144},
  title     = {Analyzing Mathematical Content to Detect Academic Plagiarism},
}

% @inproceedings{Meuschke2017,
%   author    = {Meuschke, Norman and Siebeck, Nicolas and Schubotz, Moritz and Gipp, Bela},
%   location  = {Toronto, Canada},
%   publisher = {{IEEE} Computer Society},
%   biburl    = {https://dblp.org/rec/bib/conf/jcdl/MeuschkeSSG17},
%   booktitle = {{P}roceedings {I}nternational {Workshop} on {M}ining {S}cientific {P}ublications ({WOSP}) held in conjunction with the {ACM/IEEE-CS J}oint {C}onference on {D}igital {L}ibraries ({JCDL})},
%   date      = {2017},
%   doi       = {10.1145/3127526.3127535},
%   keywords  = {schubotzCV,preprint},
%   pages     = {46--53},
%   preprint  = {https://ag-gipp.github.io/bib/preprints/meuschke2017a.pdf},
%   title     = {Analyzing Semantic Concept Patterns to Detect Academic Plagiarism},
% }

%N: shortened entry
@inproceedings{Meuschke2017,
  author    = {Meuschke, Norman and Siebeck, Nicolas and Schubotz, Moritz and Gipp, Bela},
  booktitle = {{P}roc. {WOSP} Workshop held at {ACM/IEEE-CS J}oint {C}onf. on {D}igital {L}ibraries ({JCDL})},
  date      = {2017},
  doi       = {10.1145/3127526.3127535},
  title     = {Analyzing Semantic Concept Patterns to Detect Academic Plagiarism},
}

@article{Mienert2017,
  author       = {Mienert, Heval and Gipp, Bela},
  url          = {https://beck-online.beck.de},
  date         = {2017},
  journaltitle = {Zeitschrift f\"{u}r Datenschutz},
  keywords     = {Dashcam,Datenschutz,Bitcoin,Blockchain,preprint},
  number       = {11},
  pages        = {514--519},
  preprint     = {https://ag-gipp.github.io/bib/preprints/mienert2017.pdf},
  title        = {Dashcam, Blockchain und der Beweis im Prozess. Kriterien f\"{u}r einen Privacy by Design-Loesungsansatz bei Dashcams},
}

@inproceedings{Schubotz2017,
  author    = {Schubotz, Moritz and Kr{\"{a}}mer, Leonard and Meuschke, Norman and Hamborg, Felix and Gipp, Bela},
  editor    = {Jones, Gareth J. F. and Lawless, S{\'{e}}amus and Gonzalo, Julio and Kelly, Liadh and Goeuriot, Lorraine and Mandl, Thomas and Cappellato, Linda and Ferro, Nicola},
  publisher = {Springer},
  biburl    = {https://dblp.org/rec/bib/conf/clef/SchubotzKMHG17},
  booktitle = {Experimental {IR} Meets Multilinguality, Multimodality, and Interaction - 8th International Conference of the {CLEF} Association, {CLEF} 2017, Dublin, Ireland, September 11-14, 2017, Proceedings},
  date      = {2017},
  doi       = {10.1007/978-3-319-65813-1\_7},
  keywords  = {SchubotzCV,preprint},
  pages     = {82--94},
  preprint  = {https://ag-gipp.github.io/bib/preprints/schubotz2017.pdf},
  series    = {Lecture Notes in Computer Science},
  title     = {Evaluating and Improving the Extraction of Mathematical Identifier Definitions},
  volume    = {10456},
}

@inproceedings{Schubotz2017b,
  author    = {Schubotz, Moritz and Meuschke, Norman and Hepp, Thomas and Cohl, Howard S. and Gipp, Bela},
  editor    = {Geuvers, Herman and England, Matthew and Hasan, Osman and Rabe, Florian and Teschke, Olaf},
  publisher = {Springer},
  url       = {https://doi.org/10.1007/978-3-319-62075-6_24},
  booktitle = {Intelligent Computer Mathematics - 10th International Conference, {CICM} 2017, Edinburgh, UK, July 17-21, 2017, Proceedings},
  date      = {2017},
  doi       = {10.1007/978-3-319-62075-6_24},
  file      = {vmext17.pdf:vmext17.pdf:PDF},
  isbn      = {978-3-319-62074-9},
  keywords  = {schubotzCV,preprint},
  pages     = {340--355},
  preprint  = {https://arxiv.org/pdf/1707.03540.pdf},
  series    = {Lecture Notes in Computer Science},
  title     = {{VMEXT:} {A} Visualization Tool for Mathematical Expression Trees},
  volume    = {10383},
}

@inproceedings{Schwarzer2017,
  author    = {Schwarzer, Malte and Breitinger, Corinna and Schubotz, Moritz and Meuschke, Norman and Gipp, Bela},
  editor    = {Cremonesi, Paolo and Ricci, Francesco and Berkovsky, Shlomo and Tuzhilin, Alexander},
  publisher = {ACM},
  biburl    = {https://dblp.org/rec/bib/conf/recsys/SchwarzerBSMG17},
  booktitle = {Proceedings of the Eleventh {ACM} Conference on Recommender Systems, RecSys 2017, Como, Italy, August 27-31, 2017},
  date      = {2017},
  doi       = {10.1145/3109859.3109981},
  keywords  = {schubotzCV,preprint},
  pages     = {360--361},
  preprint  = {https://ag-gipp.github.io/bib/preprints/schwarzer2017.pdf},
  title     = {Citolytics: {A} Link-based Recommender System for Wikipedia},
}

@inproceedings{Cohl2018,
  author    = {Cohl, Howard S. and Greiner{-}Petter, Andr{\'{e}} and Schubotz, Moritz},
  editor    = {Rabe, Florian and Farmer, William M. and Passmore, Grant O. and Youssef, Abdou},
  publisher = {Springer},
  url       = {https://doi.org/10.1007/978-3-319-96812-4_4},
  biburl    = {https://dblp.uni-trier.de/rec/bibtex/conf/mkm/CohlGS18},
  booktitle = {Intelligent Computer Mathematics - 11th International Conference, {CICM} 2018, Hagenberg, Austria, August 13-17, 2018, Proceedings},
  date      = {2018},
  doi       = {10.1007/978-3-319-96812-4_4},
  keywords  = {schubotzCV,preprint},
  pages     = {39--52},
  preprint  = {http://hcohl.sdf.org/CICM2018_Chap4.pdf},
  series    = {Lecture Notes in Computer Science},
  title     = {Automated Symbolic and Numerical Testing of {DLMF} Formulae Using Computer Algebra Systems},
  volume    = {11006},
}

@inproceedings{Greiner-Petter2018,
  author    = {Greiner{-}Petter, Andr{\'{e}} and Schubotz, Moritz and Cohl, Howard S. and Gipp, Bela},
  editor    = {Rabe, Florian and Farmer, William M. and Passmore, Grant O. and Youssef, Abdou},
  publisher = {Springer},
  url       = {https://doi.org/10.1007/978-3-319-96812-4\_9},
  biburl    = {https://dblp.org/rec/bib/conf/mkm/Greiner-PetterS18},
  booktitle = {Intelligent Computer Mathematics - 11th International Conference, {CICM} 2018, Hagenberg, Austria, August 13-17, 2018, Proceedings},
  date      = {2018},
  doi       = {10.1007/978-3-319-96812-4\_9},
  keywords  = {schubotzCV,preprint},
  pages     = {104--110},
  preprint  = {https://www.gipp.com/wp-content/papercite-data/pdf/greinerpetter2018.pdf},
  series    = {Lecture Notes in Computer Science},
  title     = {MathTools: An Open {API} for Convenient MathML Handling},
  volume    = {11006},
}

@inproceedings{Hamborg2018,
  author    = {Hamborg, Felix and Breitinger, Corinna and Schubotz, Moritz and Lachnit, Soeren and Gipp, Bela},
  editor    = {Chen, Jiangping and Gon{\c{c}}alves, Marcos Andr{\'{e}} and Allen, Jeff M. and Fox, Edward A. and Kan, Min{-}Yen and Petras, Vivien},
  publisher = {ACM},
  url       = {http://doi.acm.org/10.1145/3197026.3203899},
  biburl    = {https://dblp.uni-trier.de/rec/bibtex/conf/jcdl/HamborgBSLG18},
  booktitle = {Proceedings of the 18th {ACM/IEEE} on Joint Conference on Digital Libraries, {JCDL} 2018, Fort Worth, TX, USA, June 03-07, 2018},
  date      = {2018},
  doi       = {10.1145/3197026.3203899},
  keywords  = {SchubotzCV,preprint},
  pages     = {339--340},
  preprint  = {https://www.gipp.com/wp-content/papercite-data/pdf/hamborg2018a.pdf},
  title     = {Extraction of Main Event Descriptors from News Articles by Answering the Journalistic Five {W} and One {H} Questions},
}

@article{Hamborg2018c,
  author       = {Hamborg, Felix and Donnay, Karsten and Gipp, Bela},
  publisher    = {Springer Berlin Heidelberg},
  date         = {2018},
  doi          = {10.1007/s00799-018-0261-y},
  journaltitle = {International Journal on Digital Libraries (IJDL)},
  keywords     = {preprint},
  preprint     = {https://ag-gipp.github.io/bib/preprints/hamborg2018c.pdf},
  title        = {Automated Identification of Media Bias in News Articles: An Interdisciplinary Literature Review},
}

@inproceedings{Hamborg2018a,
  author    = {Hamborg, Felix and Lachnit, Soeren and Schubotz, Moritz and Hepp, Thomas and Gipp, Bela},
  editor    = {Chowdhury, Gobinda and McLeod, Julie and Gillet, Valerie J. and Willett, Peter},
  publisher = {Springer},
  url       = {https://doi.org/10.1007/978-3-319-78105-1_39},
  biburl    = {https://dblp.org/rec/bib/conf/iconference/HamborgLSHG18},
  booktitle = {Transforming Digital Worlds - 13th International Conference, iConference 2018, Sheffield, UK, March 25-28, 2018, Proceedings},
  date      = {2018},
  doi       = {10.1007/978-3-319-78105-1_39},
  keywords  = {schubotzCV,preprint},
  pages     = {356--366},
  preprint  = {https://www.gipp.com/wp-content/papercite-data/pdf/hamborg2018.pdf},
  series    = {Lecture Notes in Computer Science},
  title     = {Giveme5W: Main Event Retrieval from News Articles by Extraction of the Five Journalistic {W} Questions},
  volume    = {10766},
}

@article{Hamborg2018b,
  author       = {Hamborg, Felix and Meuschke, Norman and Gipp, Bela},
  publisher    = {Springer Berlin Heidelberg},
  date         = {2018},
  doi          = {10.1007/s00799-018-0239-9},
  journaltitle = {International Journal on Digital Libraries (IJDL)},
  keywords     = {preprint},
  preprint     = {https://ag-gipp.github.io/bib/preprints/hamborg2018b.pdf},
  title        = {Bias-aware News Analysis using Matrix-based News Aggregation},
}

@article{Heck2018,
  author       = {Heck, Nina and Schubotz, Moritz},
  publisher    = {Ubiquity Press, Ltd.},
  url          = {https://doi.org/10.5334/jors.199},
  biburl       = {https://kops.uni-konstanz.de/handle/123456789/42726},
  date         = {2018},
  doi          = {10.5334/jors.199},
  journaltitle = {Journal of Open Research Software},
  keywords     = {SchubotzCV,preprint},
  title        = {{DiViDu} {\textdash} An Open Source Solution for Dual Task Experiments with Integrated Divided Visual Field Paradigm},
  volume       = {6},
}

@inproceedings{Hepp2018,
  author    = {Hepp, Thomas and Wortner, Patrick and Schoenhals, Alexander and Gipp, Bela},
  location  = {Munich, Germany},
  publisher = {ACM},
  booktitle = {Proceedings of the 1st Workshop on Cryptocurrencies and Blockchains for Distributed Systems (CryBlock'18)},
  date      = {2018-06},
  doi       = {10.1145/3211933.3211944},
  keywords  = {preprint},
  note      = {ISBN 978-1-4503-5838-5/18/06},
  preprint  = {https://ag-gipp.github.io/bib/preprints/hepp2018.pdf},
  title     = {Securing Physical Assets on the Blockchain - Linking a novel Object Identification Concept with Distributed Ledgers},
}

@inproceedings{Leible2018,
  author   = {Leible, Stephan and Schlager, Steffen and Schubotz, Moritz and Gipp, Bela},
  url      = {https://doi.org/10.5281/zenodo.2454725},
  biburl   = {https://zenodo.org/record/2454725/export/hx#.XCJgpMYo8ax},
  date     = {2018-11},
  doi      = {10.5281/zenodo.2454725},
  keywords = {SchubotzCV,preprint},
  preprint = {https://zenodo.org/record/2454725/files/Blockchain-For-Science%20Poster-1.0-final.pdf?download=1},
  title    = {{Fostering Open Science by using Blockchain Technology}},
}

% @inproceedings{Meuschke2018,
%   author    = {Meuschke, Norman and Gondek, Christopher and Seebacher, Daniel and Breitinger, Corinna and Keim, Daniel and Gipp, Bela},
%   location  = {Fort Worth, USA},
%   booktitle = {Proceedings of the ACM/IEEE-CS Joint Conference on Digital Libraries (JCDL)},
%   date      = {2018-06},
%   keywords  = {preprint},
%   preprint  = {https://ag-gipp.github.io/bib/preprints/meuschke2018.pdf},
%   title     = {An Adaptive Image-based Plagiarism Detection Approach},
% }

%N: shortened entry
@inproceedings{Meuschke2018,
  author    = {Meuschke, Norman and Gondek, Christopher and Seebacher, Daniel and Breitinger, Corinna and Keim, Daniel and Gipp, Bela},
  booktitle = {Proc. ACM/IEEE-CS Joint Conf. on Digital Libraries (JCDL)},
  year      = {2018},
  title     = {An Adaptive Image-based Plagiarism Detection Approach},
  doi = {10.1145/3197026.3197042}
}

% @inproceedings{Meuschke2018a,
%   author    = {Meuschke, Norman and Stange, Vincent and Schubotz, Moritz and Gipp, Bela},
%   location  = {Ann Arbor, MI, USA},
%   biburl    = {https://dblp.uni-trier.de/rec/bibtex/conf/sigir/MeuschkeSSG18},
%   booktitle = {Proceedings of the International ACM SIGIR Conference on Research and Development in Information Retrieval (SIGIR)},
%   date      = {2018},
%   doi       = {10.1145/3209978.3210177},
%   file      = {Meuschke2018a.pdf:Meuschke2018a.pdf:PDF},
%   keywords  = {SchubotzCV,preprint},
%   preprint  = {https://www.gipp.com/wp-content/papercite-data/pdf/meuschke2018a.pdf},
%   title     = {HyPlag: A Hybrid Approach to Academic Plagiarism Detection},
% }

%N: shortened entry
@inproceedings{Meuschke2018a,
  author    = {Meuschke, Norman and Stange, Vincent and Schubotz, Moritz and Gipp, Bela},
  booktitle = {Proc. Int. ACM SIGIR Conf. on Research and Development in Information Retrieval (SIGIR)},
  date      = {2018},
  doi       = {10.1145/3209978.3210177},
  title     = {HyPlag: A Hybrid Approach to Academic Plagiarism Detection},
}

@inproceedings{Petersen2018,
  author    = {Petersen, Felix and Schubotz, Moritz and Gipp, Bela},
  location  = {Hagenberg, Austria},
  url       = {http://arxiv.org/abs/1811.04234},
  biburl    = {https://dblp.org/rec/bib/journals/corr/abs-1811-04234},
  booktitle = {Proceedings of the 11th Conference on Intelligent Computer Mathematics (CICM)},
  date      = {2018},
  keywords  = {schubotzCV,preprint},
  preprint  = {https://www.gipp.com/wp-content/papercite-data/pdf/petersen2018.pdf},
  title     = {Towards Formula Translation using Recursive Neural Networks},
}

@inproceedings{Scharpf2018,
  author    = {Scharpf, Philipp and Schubotz, Moritz and Gipp, Bela},
  editor    = {Mayr, Philipp and Chandrasekaran, Muthu Kumar and Jaidka, Kokil},
  publisher = {CEUR-WS.org},
  url       = {http://ceur-ws.org/Vol-2132/paper5.pdf},
  biburl    = {https://dblp.org/rec/bib/conf/sigir/ScharpfSG18},
  booktitle = {Proceedings of the 3rd Joint Workshop on Bibliometric-enhanced Information Retrieval and Natural Language Processing for Digital Libraries {(BIRNDL} 2018) co-located with the 41st International {ACM} {SIGIR} Conference on Research and Development in Information Retrieval {(SIGIR} 2018), Ann Arbor, USA, July 12, 2018.},
  date      = {2018},
  file      = {:ScharpfSG18.pdf:PDF},
  keywords  = {schubotzCV,preprint},
  pages     = {46--59},
  preprint  = {https://ag-gipp.github.io/bib/preprints/scharpf2018.pdf},
  series    = {{CEUR} Workshop Proceedings},
  title     = {Representing Mathematical Formulae in Content MathML using Wikidata},
  volume    = {2132},
}

@misc{Schoenhals2018a,
  author   = {Schoenhals, Alexander and Hepp, Thomas and Ehret, Philip and Gipp, Bela},
  url      = {https://doi.org/10.5281/zenodo.2537209},
  biburl   = {https://zenodo.org/record/2537209/export/hx#.XDhlxMYo8aw},
  date     = {2018-11},
  doi      = {10.5281/zenodo.2537209},
  preprint = {https://zenodo.org/record/2537209/files/bfs_poster_schoenhals.pdf?download=1},
  title    = {{Tracking of Intellectual Property using the Blockchain}},
}

@inproceedings{Schoenhals2018,
  author    = {Schoenhals, Alexander and Hepp, Thomas and Gipp, Bela},
  location  = {Munich, Germany},
  publisher = {ACM},
  booktitle = {Proceedings of the 1st Workshop on Cryptocurrencies and Blockchains for Distributed Systems (CryBlock'18)},
  date      = {2018-06},
  doi       = {10.1145/3211933.3211952},
  keywords  = {preprint},
  note      = {ISBN 978-1-4503-5838-5/18/06},
  preprint  = {https://ag-gipp.github.io/bib/preprints/schoenhals2018.pdf},
  title     = {Design Thinking using the Blockchain - Enable Traceability of Intellectual Property in Problem-Solving Processes for Open Innovation},
}

@inproceedings{Schubotz2018b,
  author    = {Schubotz, Moritz},
  editor    = {Hasan, Osman and Youssef, Abdou and Naumowicz, Adam and Farmer, William and Kaliszyk, Cezary and Gallois-Wong, Diane and Rabe, Florian and Reis, Gabriel Dos and Passmore, Grant and Davenport, James and Pfeiffer, Markus and Kohlhase, Michael and Autexier, Serge and Tahar, Sofiene and Koprucki, Thomas and Siddique, Umair and Neuper, Walther and Windsteiger, Wolfgang and Schreiner, Wolfgang and Sperber, Wolfram and Kov\'{a}cs, Zolt\'{a}n},
  booktitle = {Joint Proceedings of the CME-EI, FMM, CAAT, FVPS, M3SRD, OpenMath Workshops, Doctoral Program and Work in Progress at the Conference on Intelligent Computer Mathematics 2018 co-located with the 11th Conference on Intelligent Computer Mathematics (CICM 2018)},
  date      = {2018},
  doi       = {10.5281/zenodo.1409946},
  keywords  = {schubotzCV,preprint},
  preprint  = {https://github.com/ag-gipp/18CicmWikidata/releases/download/build-master-2018-10-16-15/main.pdf},
  title     = {Generating OpenMath Content Dictionaries from Wikidata},
}

@inproceedings{Schubotz2018,
  author    = {Schubotz, Moritz},
  editor    = {der Mathematik der Universit\"{a}t Paderborn, Fachgruppe Didaktik},
  language  = {de},
  publisher = {Gesellschaft f\"{u}r Didaktik der Mathematik},
  biburl    = {https://search.datacite.org/works/10.17877/DE290R-19676},
  booktitle = {Beitr\"{a}ge zum Mathematikunterricht 2018},
  date      = {2018},
  doi       = {10.17877/de290r-19676},
  keywords  = {510,SchubotzCV,preprint},
  pages     = {1635--1638},
  preprint  = {https://eldorado.tu-dortmund.de/bitstream/2003/37681/1/BzMU18_SCHUBOTZ_mathwiki.pdf},
  title     = {Mathematische Formeln in Wikipedia},
}

@misc{Schubotz2018d,
  author   = {Schubotz, Moritz and Breitinger, Corinna and Hepp, Thomas and Gipp, Bela},
  url      = {https://doi.org/10.5281/zenodo.2453415},
  biburl   = {https://zenodo.org/record/2453415/export/hx#.XCJhJ8Yo8aw},
  date     = {2018-11},
  doi      = {10.5281/zenodo.2453415},
  keywords = {SchubotzCV,preprint},
  preprint = {https://zenodo.org/record/2453415/files/bc4openScience.pdf?download=1},
  title    = {{Repurposing Open Source Tools for Open Science: a Practical Guide}},
}

@inproceedings{Schubotz2018c,
  author    = {Schubotz, Moritz and Greiner{-}Petter, Andr{\'{e}} and Scharpf, Philipp and Meuschke, Norman and Cohl, Howard S. and Gipp, Bela},
  editor    = {Chen, Jiangping and Gon{\c{c}}alves, Marcos Andr{\'{e}} and Allen, Jeff M. and Fox, Edward A. and Kan, Min{-}Yen and Petras, Vivien},
  location  = {Fort Worth, USA},
  publisher = {ACM},
  url       = {http://doi.acm.org/10.1145/3197026.3197058},
  biburl    = {https://dblp.org/rec/bib/conf/jcdl/SchubotzGSMCG18},
  booktitle = {Proceedings of the 18th {ACM/IEEE} on Joint Conference on Digital Libraries, {JCDL} 2018, Fort Worth, TX, USA, June 03-07, 2018},
  date      = {2018},
  doi       = {10.1145/3197026.3197058},
  keywords  = {SchubotzCV,preprint},
  pages     = {233--242},
  preprint  = {https://arxiv.org/pdf/1804.04956.pdf},
  title     = {Improving the Representation and Conversion of Mathematical Formulae by Considering their Textual Context},
}

@inproceedings{Schubotz2018a,
  author    = {Schubotz, Moritz and Scharpf, Philipp and Dudhat, Kaushal and Nagar, Yash and Hamborg, Felix and Gipp, Bela},
  location  = {Fort Worth, USA},
  biburl    = {https://www.emeraldinsight.com/action/showCitFormats?doi=10.1108%2FIDD-06-2018-0022},
  booktitle = {Proceedings of the ACM/IEEE-CS Joint Conference on Digital Libraries (JCDL), Workshop on Knowledge Discovery},
  date      = {2018-06},
  doi       = {10.1108/IDD-06-2018-0022},
  keywords  = {schubotzCV,preprint},
  preprint  = {https://www.emeraldinsight.com/eprint/FXthtRDDEGcMVzInHphu/full},
  title     = {Introducing MathQA - A Math-Aware Question Answering System},
}

@inproceedings{Schoenhals2019,
  author       = {Schoenhals, Alexander and Hepp, Thomas and Leible, Stephan and Ehret, Philip and Gipp, Bela},
  location     = {USA},
  organization = {IEEE},
  booktitle    = {Proceedings of the 52nd International Conference on System Sciences},
  date         = {2019-01},
  keywords     = {preprint},
  preprint     = {https://ag-gipp.github.io/bib/preprints/schoenhals2019.pdf},
  title        = {Overview of Licensing Platforms based on Distributed Ledger Technology},
}


@InProceedings{Meuschke2019,
  author    = {Meuschke, Norman and Stange, Vincent and Schubotz, Moritz and Karmer, Michael and Gipp, Bela},
  title     = {Improving Academic Plagiarism Detection for STEM Documents by Analyzing Mathematical Content and Citations},
  booktitle = {Proc. ACM/IEEE-CS Joint Conf. on Digital Libraries (JCDL)},
  year      = {2019},
}


% @inproceedings{Fishman09,
%   author    = {{F}ishman, {T}eddi},
%   url       = {http://www.bmartin.cc/pubs/09-4apcei/4apcei-Fishman.pdf},
%   booktitle = {{P}roceedings of the 4th {A}sia {P}acific {C}onference on {E}ducational {I}ntegrity},
%   date      = {2009},
%   owner     = {Corinna},
%   title     = {`We know it when we see it'? is not good enough: toward a standard definition of plagiarism that transcends theft, fraud, and copyright},
% }

%N: shortened entry
@inproceedings{Fishman09,
  author    = {{F}ishman, {T}eddi},
  booktitle = {{P}roc. {A}sia {P}acific {C}onf. on {E}ducational {I}ntegrity},
  date      = {2009},
  title     = {`We know it when we see it'? is not good enough: toward a standard definition of plagiarism that transcends theft, fraud, and copyright},
}


@BOOK{Weber-Wulff2014,
  title = {False Feathers: A Perspective on Academic Plagiarism},
  publisher = {Springer},
  year = {2014},
  author = {Weber-Wulff, Debora},
  file = {:Weber-Wulff2014_False_Feathers.pdf:PDF},
  doi = {10.1007/978-3-642-39961-9},
  owner = {Norman},
  timestamp = {2017.02.24}
}


@INPROCEEDINGS{Potthast10a,
  author = {{P}otthast, {M}artin and {S}tein, {B}enno and {B}arr{\'{o}}n-{C}ede{\~{n}}o,
	{A}lberto and {R}osso, {P}aolo},
  title = {{A}n {E}valuation {F}ramework for {P}lagiarism {D}etection},
  booktitle = {{P}roceedings of the 23rd {I}nternational {C}onference on {C}omputational
	{L}inguistics},
  year = {2010},
  pages = {997--1005},
  publisher = {{A}ssociation for {C}omputational {L}inguistics},
  file = {:10_Potthast_An Evaluation Framework for Plagiarism Detection_NORMAN.PDF:PDF},
  location = {Beijing, China},
  owner = {Norman},
  timestamp = {2012-07-19}
}

@InProceedings{Halevi2016,
  author    = {Halevi, Gali and Bar-Ilan, Judit},
  title     = {{Post Retraction Citations in Context}},
  booktitle = {Proc. BIRNDL Workshop at JCDL},
  year      = {2016},
  pages     = {23--29},
  doi = {10.1007/s11192-017-2242-0}
}

@inproceedings{Alsallal2013,
  author    = {Muna Alsallal and
               Rahat Iqbal and
               Saad Amin and
               Anne E. James},
  title     = {Intrinsic Plagiarism Detection Using Latent Semantic Indexing and
               Stylometry},
  booktitle = {Proc. Int. Conf. on Developments in eSystems Engineering},
  year      = {2013},
  doi       = {10.1109/DeSE.2013.34}
}

@article{Wager2014,
author = {Wager, Elizabeth},
title = {Defining and responding to plagiarism},
journal = {Learned Publishing},
volume = {27},
number = {1},
pages = {33-42},
doi = {10.1087/20140105},
year = {2014}
}

@article {Long2009,
	author = {Long, Tara C. and Errami, Mounir and George, Angela C. and Sun, Zhaohui and Garner, Harold R.},
	title = {Responding to Possible Plagiarism},
	volume = {323},
	number = {5919},
	pages = {1293--1294},
	year = {2009},
	doi = {10.1126/science.1167408},
	journal = {Science}
}

% @article{Eisa2015,
% author = {Taiseer Abdalla Elfadil Eisa and Naomie Salim and Salha Alzahrani},
% title = {Existing plagiarism detection techniques: A systematic mapping of the scholarly literature},
% journal = {Online Information Review},
% volume = {39},
% number = {3},
% pages = {383-400},
% year = {2015},
% doi = {10.1108/OIR-12-2014-0315}
% }

@article{Eisa2015,
author = {Eisa, Taiseer Abdalla Elfadil and Salim, Naomi and Alzahrani, Salha M.},
title = {Existing plagiarism detection techniques: A systematic mapping of the scholarly literature},
journal = {Online Information Review},
volume = {39},
number = {3},
pages = {383-400},
year = {2015}
}


@ARTICLE{Gupta2016,
  author = {Vani, K. and Gupta, Deepa},
  title = {Study on Extrinsic Text Plagiarism Detection Techniques and Tools},
  journal = {J. of Engineering Science \& Technology Review},
  year = {2016},
  volume = {9},
  number = {4}
}


@ARTICLE{Meuschke13a,
  author = {{M}euschke, {N}orman and {G}ipp, {B}ela},
  title = {{S}tate of the {A}rt in {D}etecting {A}cademic {P}lagiarism},
  year = {2013},
  volume = {9},
  pages = {50--71},
  number = {1},
  month = {\#jun\#},
  journaltitle = {{I}nternational {J}ournal for {E}ducational {I}ntegrity}
}


% @BOOK{Gipp2014,
%   title = {{C}itation-based {P}lagiarism {D}etection - {D}etecting {D}isguised
% 	and {C}ross-language {P}lagiarism using {C}itation {P}attern {A}nalysis},
%   publisher = {Springer Vieweg Research},
%   year = {2014},
%   author = {{G}ipp, {B}ela},
%   pages = {350},
%   institution = {Department of Computer Science, Otto-von-Guericke-University Magdeburg,
% 	Germany},
%   isbn = {978-3-658-06393-1},
%   url = {http://www.springer.com/978-3-658-06393-1}
% }

%N: shortened entry
@BOOK{Gipp2014,
  title = {{C}itation-based {P}lagiarism {D}etection - {D}etecting {D}isguised
	and {C}ross-language {P}lagiarism using {C}itation {P}attern {A}nalysis},
  publisher = {Springer},
  year = {2014},
  doi={10.1007/978-3-658-06394-8},
  author = {{G}ipp, {B}ela}
}


@INCOLLECTION{Wolska08,
  author = {{W}olska, {M}agdalena},
  title = {{A L}anguage {E}ngineering {A}rchitecture for {P}rocessing {I}nformal
	{M}athematical {D}iscourse},
  booktitle = {Proc. {DML WS} {T}owards {D}igital {M}athematics {L}ibrary},
  year = {2008},
  journaltitle = {{T}owards {D}igital {M}athematics {L}ibrary.}
}


% @ARTICLE{McCabe05,
%   author = {{M}c{C}abe, {D}onald {L}.},
%   title = {{C}heating among {C}ollege and {U}niversity {S}tudents: {A N}orth
% 	{A}merican {P}erspective},
%   year = {2005},
%   volume = {1},
%   pages = {1--11},
%   number = {1},
%   journaltitle = {{I}nternational {J}ournal for {E}ducational {I}ntegrity}
% }

%N: shortened entry
@ARTICLE{McCabe05,
  author = {{M}c{C}abe, {D}onald {L}.},
  title = {{C}heating among {C}ollege and {U}niversity {S}tudents: {A N}orth
	{A}merican {P}erspective},
  year = {2005},
  volume = {1},
  pages = {1--11},
  number = {1},
  journaltitle = {{I}nt. {J}. for {E}ducational {I}ntegrity},
  doi = {10.21913/IJEI.v1i1.14}
}


@InProceedings{Alzahrani2012,
  author       = {{A}lzahrani, {S}alha {M}. and {S}alim, {N}aomie and {A}braham, {A}jith},
  title        = {{U}nderstanding {P}lagiarism {L}inguistic {P}atterns, {T}extual {F}eatures, and {D}etection {M}ethods},
  booktitle    = {{IEEE} {T}rans. {S}yst., {M}an, {C}ybern. {C}, {A}ppl. {R}ev.},
  year         = {2012},
  volume       = {42},
  number       = {2},
  pages        = {133--149}
}


@ARTICLE{Swazey93,
  author = {{S}wazey, {J}udith {P}. and {A}nderson, {M}elissa {S}. and {L}ouis,
	{K}aren {S}eashore},
  title = {{E}thical {P}roblems in {A}cademic {R}esearch},
  year = {1993},
  volume = {81},
  number = {6},
  pages = {542--553},
  journaltitle = {{A}merican {S}cientist}
}


@MISC{HTW-PDS,
  author = {{Weber-Wulff}, {D}ebora},
  title = {{P}ortal {P}lagiat - {T}ests of {P}lagiarism {S}oftware},
  howpublished = {{O}nline {S}ource},
  year = {2019},
  note = {Retrieved March 12, 2019 from: \url{http://plagiat.htw-berlin.de/software-en/}}
}

% @Article{Guidi2016,
%   author    = {Guidi, Ferruccio and Sacerdoti Coen, Claudio},
%   title     = {A Survey on Retrieval of Mathematical Knowledge},
%   journal   = {Mathem. in Computer Science},
%   year      = {2016},
%   volume    = {10},
%   number    = {4},
%   pages     = {409--427}
%   }
  
%N: shortened entry  
@Article{Guidi2016,
  author    = {Guidi, Ferruccio and Sacerdoti Coen, Claudio},
  title     = {A Survey on Retrieval of Mathematical Knowledge},
  journal   = {Mathem. in Computer Science},
  year      = {2016},
  volume    = {10},
  number    = {4},
  pages     = {409--427},
  doi = {10.1007/s11786-016-0274-0}
  }

% @InCollection{maxtract,
%     Author = {Josef B. {Baker} and Alan P. {Sexton} and Volker {Sorge}},
%     Title = {{MaxTract: converting PDF to LaTeX, MathML and text.}},
%     BookTitle = {{Intelligent computer mathematics. 11th international conference, AISC 2012, 19th symposium, Calculemus 2012, 5th international workshop, DML 2012, 11th international conference, MKM 2012, systems and projects, held as part of CICM 2012, Bremen, Germany, July 8--13, 2012. Proceedings}},
%     ISBN = {978-3-642-31373-8/pbk},
%     Pages = {422--426},
%     Year = {2012},
%     Publisher = {Berlin: Springer},
%     Language = {English},
%     MSC2010 = {68U15},
%     Zbl = {1360.68882}
% }

%N: shortened entry
@InCollection{maxtract,
    Author = {Josef B. {Baker} and Alan P. {Sexton} and Volker {Sorge}},
    Title = {{MaxTract: converting PDF to LaTeX, MathML and text.}},
    BookTitle = {Proc. Int. Conf. on Intelligent Computer Mathematics},
    Year = {2012},
    volume = {7362},
    series = {LNCS},
    doi={10.1007/978-3-642-31374-5_29}
}

@inproceedings{Suzuki2004,
  author    = {Suzuki, M. and Kanahori, T. and Ohtake, N. and Yamaguchi, K.},
  title     = {An Integrated OCR Software for Mathematical Documents and Its Output with Accessibility},
  booktitle = {In Proc. Int. Conf. Computers for Handicapped Persons},  
  comment_booktitle = {Proc. ICCHP},
  year      = {2004},
  pages     = {648--655},
  doi = {10.1007/978-3-540-27817-7_97}
}

@INPROCEEDINGS{Stein2007a,
  author = {{S}tein, {B}enno and {M}eyer zu {E}issen, {S}ven and {P}otthast,
	{M}artin},
  title = {{S}trategies for {R}etrieving {P}lagiarized {D}ocuments},
  booktitle = {Proc. Int. ACM SIGIR Conf. on Research and Development in Information Retrieval (SIGIR)},
  year = {2007},
  doi = {10.1145/1277741.1277928}
}

@Unpublished{Foltynek2019,
  author       = {Foltynek, Tomas and Meuschke, Norman and Gipp, Bela},
  title        = {Academic Plagiarism Detection: A Systematic Literature Review},
  year         = {2019},
  howpublished = {Journal article in review},
}

@article {Pertile2016,
author = {Pertile, Solange de L. and Moreira, Viviane P. and Rosso, Paolo},
title = {Comparing and combining Content- and Citation-based approaches for plagiarism detection},
journal = {JASIST},
volume = {67},
number = {10},
year = {2016},
}

@comment{jabref-meta: databaseType:biblatex;
}
